2546 4082
171 321 252 374 dout'e
267 321 380 386 Pupam,
396 321 438 374 rel
451 319 631 381 criminalem,
641 323 683 374 vel
698 322 869 390 Episcopum.
883 324 926 376 rel
940 337 1021 375 suum
1035 324 1176 382 Prelatnm

171 395 214 446 vel
235 393 543 453 contemneremus
564 394 681 460 aliquem
700 395 728 444 iu
742 393 833 446 odium
855 395 883 446 S.
901 395 998 448 Officii.
1020 395 1178 448 Giruldusad

171 478 231 529 cup.
248 463 272 520 t.
285 477 351 516 sess.
371 465 405 517 ll.
421 465 493 516 Trid.
510 465 543 516 de
558 466 606 517 rei.
626 492 656 504 -
675 465 710 531 (6)
725 464 788 530 Cap.
815 466 844 518 to
867 467 900 518 de
919 467 1007 530 J'udic'.
1029 494 1060 504 —
1081 467 1115 532 (l)
1128 467 1178 517 Bul.

172 532 250 588 Sedes
271 535 421 600 apostolica
438 535 560 601 Gregorii
577 537 652 588 le.
668 537 733 587 Erec
747 549 828 600 prena
845 537 1034 588 hebetiorum
1048 538 1180 588 tentumin

172 607 268 658 abortu
278 607 359 658 ioetus
373 607 501 671 suimeti;
518 622 580 658 nem
598 607 669 658 idem
679 607 825 673 Gregorius
838 609 970 673 mitigavit
983 609 1085 661 bultem
1098 607 1180 674 Effre-

171 681 269 731 umam
289 677 358 729 sixti
375 679 408 742 V,
426 685 452 730 et
468 679 556 745 quarm
575 679 670 731 lustum
687 679 863 731 inanimatum
886 693 942 730 rem
966 680 1079 732 deduxit
1101 680 1133 730 ed
1143 681 1181 744 jus

172 763 321 820 commune.
337 750 396 801 Duo
410 755 543 816 preterea
556 750 600 802 hic
620 749 736 802 nomudn
750 754 832 802 sunt:
848 751 970 802 Primum
985 752 1058 817 quod
1071 753 1132 802 licet
1144 765 1180 802 er-

173 821 378 872 oommuuicntio
391 821 428 872 sit
449 827 585 874 reservata
598 826 703 873 tantum
720 822 860 888 Episcopo,
876 823 989 888 relique
1002 837 1099 888 poeuae,
1112 827 1140 874 ut
1151 824 1180 872 ir·
1247 869 1248 886 ,

173 892 343 956 regularitas,
353 893 543 945 etinhahilitas
555 894 590 945 ad
604 892 736 944 beneficis
750 897 777 943 et
786 893 873 945 officie
888 895 1180 956 ecclesiasticu,summo
1247 899 1248 930 t

174 963 296 1014 Pontifici
312 969 455 1016 reservetis
469 967 588 1018 menent.
603 963 758 1016 Secundum
774 963 847 1029 quod
866 965 979 1030 privatio
994 967 1180 1026 beneficiorum,

173 1036 200 1086 et
218 1033 363 1085 officiorum
381 1034 531 1086 incurritur
551 1035 609 1102 ipso
624 1036 688 1100 jure
706 1034 799 1086 saltent
819 1040 881 1100 post
899 1037 1061 1087 sententium
1074 1034 1181 1086 criminis

173 1103 420 1156 declaraturum·
433 1106 470 1170 (8)
482 1105 555 1157 Trid.
572 1119 639 1157 sess.
649 1106 689 1164 ts,
700 1120 723 1158 c.
738 1107 774 1165 19,
790 1107 823 1158 de
834 1107 881 1158 rel.
893 1111 920 1158 et
935 1108 995 1158 Bul.
1008 1105 1182 1161 Beieriatitem

174 1175 311 1228 Benedicti
329 1177 402 1228 XlV.
423 1177 520 1228 Clerici
539 1177 649 1241 insuper
665 1178 700 1228 ob
714 1176 765 1230 hoc
779 1179 881 1228 crimen
896 1178 1024 1228 excidunt
1037 1193 1054 1228 e
1066 1191 1182 1242 quacum·

173 1261 226 1313 que
240 1247 377 1312 dignitate,
391 1247 533 1309 beneflcio,
547 1254 574 1300 et
587 1248 681 1307 officio.
697 1253 725 1299 et
742 1247 769 1298 in
783 1248 868 1300 dictes
883 1262 977 1315 poenes
993 1249 1114 1300 incidunt
1127 1261 1181 1300 sue·

173 1317 267 1370 dentes
281 1318 411 1380 ducllum,
426 1322 593 1378 comitantes,
610 1320 763 1385 prebentes
778 1333 864 1381 arma,
876 1321 1013 1372 mittentes
1026 1320 1151 1376 libellum,
1161 1321 1181 1368 et

173 1390 373 1458 quomodolibet
390 1389 415 1441 ei
429 1397 612 1455 cooperantes,
628 1391 661 1442 de
675 1390 809 1441 industrie
823 1395 983 1455 spectantes,
998 1391 1123 1453 fautores,
1136 1387 1180 1440 cri·

173 1461 255 1514 minis
265 1461 420 1527 participes,
435 1461 555 1527 illudque
565 1463 760 1526 permittentes.
772 1460 908 1526 Zellinger
922 1461 940 1512 l.
952 1463 998 1526 5,)
1013 1463 1070 1522 175;
1084 1462 1181 1526 insuper

174 1535 201 1583 et
218 1531 360 1597 Principes
379 1532 543 1584 territorium
562 1534 747 1587 concedentes.
767 1523 839 1584 irio.
857 1546 922 1584 sess.
938 1534 979 1596 25,
1000 1546 1023 1584 c.
1043 1532 1070 1582 ts
1084 1533 1115 1583 de
1130 1530 1178 1586 reli

174 1603 255 1654 immo
268 1609 293 1655 et
306 1603 364 1656 loca
383 1605 443 1671 ipsa
462 1605 617 1657 certaminis
635 1605 776 1656 incurrunt
795 1618 826 1658 eo
845 1605 904 1670 ipso
927 1605 1099 1657 interdictum
1111 1603 1180 1668 Pepe

173 1681 347 1728 reservatum.
363 1675 489 1728 Gireldus
502 1677 537 1728 ad
550 1678 593 1728 cit.
610 1691 669 1742 cap.
683 1675 757 1726 Trid.

209 1856 272 1912 272.
293 1855 410 1914 Falsum
424 1862 465 1914 est
482 1861 564 1914 actus
580 1853 697 1912 dolosus
716 1853 817 1912 ocimo
832 1852 1051 1928 corrumpentis
1064 1850 1180 1912 veniatis

174 1943 214 2004 ud
231 1942 432 2019 muniendum
449 1943 545 2004 otium
566 1942 723 2002 adhibitae.
750 1942 846 2001 llultis
869 1941 967 2000 modis
991 1940 1179 2010 committitur,

177 2048 285 2106 nempe
298 2031 388 2104 dicto,
404 2032 493 2105 laeto,
509 2031 630 2106 scripto,
646 2037 675 2090 et
687 2047 754 2089 usu.
771 2031 853 2089 Dicto
867 2031 1003 2091 falsarius
1019 2037 1074 2102 est,
1087 2047 1131 2089 ex.
1141 2045 1178 2104 gr.

175 2121 269 2194 testis,
285 2121 315 2180 in
328 2121 440 2195 Judicio
454 2119 643 2180 mendacium
661 2119 826 2193 proferens,
847 2125 899 2177 aut
913 2135 1019 2178 verum
1033 2119 1102 2177 dolo
1114 2117 1179 2174 mulo

175 2210 363 2287 supprimens
378 2212 429 2282 (l),
446 2208 495 2284 qui
510 2208 536 2267 si
554 2208 683 2267 Clericus
707 2207 755 2278 sit,
774 2206 980 2282 deponendus,
999 2214 1030 2266 et
1048 2208 1077 2266 in
1090 2221 1178 2264 mone·

175 2299 309 2371 sterium,
324 2299 373 2357 vel
391 2298 421 2357 in
441 2314 591 2356 carcerem
610 2295 813 2355 detrudendus
826 2301 871 2354 est
891 2301 940 2367 (ἲ).
958 2300 1048 2355 Facto
1061 2294 1179 2354 falsarius

175 2393 231 2459 est,
247 2404 295 2446 ex.
312 2403 356 2462 gr.
373 2402 577 2461 corrumpens,
600 2385 648 2444 vel
669 2384 815 2460 effingens
827 2391 988 2457 monetam,
1003 2385 1054 2460 qui
1068 2384 1092 2443 si
1106 2381 1178 2441 cleri-

176 2493 230 2536 cus
242 2476 290 2549 sit,
301 2493 340 2535 ex
350 2475 417 2550 jure
432 2473 582 2534 communi
596 2480 642 2533 est
653 2480 799 2548 perpetuo
813 2473 965 2532 beneficiis
975 2473 1147 2548 privandus(
1163 2476 1179 2542 ),
1249 2497 1250 2510 ¹

176 2572 206 2624 et
220 2563 251 2622 iu
265 2564 348 2623 ltalia
362 2569 408 2623 est
421 2562 630 2638 degradandus
644 2565 695 2632 (l).
721 2561 837 2638 scripto
859 2561 996 2621 falsarius
1016 2571 1071 2634 est,
1086 2579 1130 2621 ex.
1144 2577 1178 2632 gr.
1249 2569 1250 2612 i

176 2652 309 2713 noterius
321 2653 429 2711 falsum
440 2651 671 2710 instrumentum
684 2649 829 2722 scribens,
840 2657 870 2709 et
882 2649 1010 2709 violator
1023 2650 1181 2709 Litterarum

175 2739 480 2819 Apostolicorumqui
488 2738 927 2814 excommunicationepunitur
936 2755 1054 2797 summo
1064 2734 1182 2798 Pontifici

176 2836 328 2892 reservate
342 2833 393 2901 (5).
410 2833 469 2888 Usu
484 2828 604 2887 deinum
612 2827 749 2886 falsarius
763 2837 818 2899 est,
834 2845 882 2887 ex.
899 2844 943 2903 gr.
959 2827 1067 2886 falsum
1080 2827 1117 2886 eb
1130 2824 1182 2884 aliis

177 2925 314 2998 peruium
330 2918 484 2989 adhibens,
502 2917 543 2976 uti
557 2924 603 2975 est
616 2917 725 2976 falsum
743 2916 983 2988 instrumentum,
999 2917 1048 2974 vel
1067 2915 1179 2976 testimo

177 3008 261 3068 nium
273 3007 303 3066 in
316 3006 460 3082 judicium
473 3005 652 3081 producens,
668 3005 719 3080 qui
741 3006 766 3064 si
789 3005 918 3066 Clericus
940 3006 989 3080 sit,
1004 3003 1182 3080 deponendus
1249 2999 1250 3002 ’

178 3105 233 3171 est,
248 3104 279 3157 et
292 3096 322 3155 in
335 3094 550 3156 monesterium
565 3093 792 3165 detrudendus(
812 3104 833 3167 ).

211 3235 243 3298 (l)
258 3234 322 3300 Cap.
340 3233 350 3283 l
367 3232 400 3284 de
414 3233 489 3284 crim.
505 3231 551 3283 iel.
565 3258 597 3268 —
612 3231 720 3297 (ilcan.
735 3231 759 3290 i,
773 3231 834 3284 dist.
851 3232 890 3283 50.
906 3259 933 3270 -
945 3231 981 3296 (3)
991 3233 1099 3283 lixtrav.
1111 3225 1181 3294 Spon-

181 3308 244 3360 dent
259 3305 292 3357 de
306 3305 382 3356 crim·
396 3304 441 3356 fal.
458 3305 505 3356 int.
520 3317 590 3356 oum.
606 3331 637 3342 -
651 3303 687 3368 (l)
702 3303 764 3354 Bul.
778 3301 813 3355 In
824 3316 949 3368 suprema
963 3303 1069 3355 Urneni
1081 3302 1148 3354 illll.
1159 3326 1182 3336 -

181 3378 216 3443 (5)
229 3375 404 3428 Reiffenstuel
418 3376 451 3427 de
467 3377 544 3427 crim.
561 3374 606 3425 sel.
625 3389 651 3424 n.
667 3375 696 3424 ti
711 3377 737 3425 et
750 3375 789 3425 33.
809 3402 835 3411 -
852 3374 887 3439 (6)
902 3375 952 3425 Git.
967 3389 1028 3426 cen.
1045 3375 1068 3435 d,
1084 3374 1140 3424 dist.
1151 3371 1181 3422 50.

180 3447 309 3500 ilicillud
323 3446 410 3498 adhuc
431 3452 566 3509 notemus,
580 3446 651 3512 quod
667 3443 779 3504 lalserii,
800 3445 846 3511 qui
861 3453 989 3497 accusant
1002 3444 1182 3498 confessarium

180 3517 386 3580 sollicitationis,
401 3531 456 3568 non
470 3521 584 3584 possunt
597 3517 710 3577 absolvi,
723 3516 803 3568 nisle
819 3517 904 3584 Pepe,
919 3517 1013 3569 mortis
1027 3517 1134 3569 articulo
1145 3526 1180 3565 er·

180 3593 267 3655 copto.
281 3587 342 3640 Bul.
355 3583 564 3642 Sacramentum
575 3587 739 3642 renitentis
753 3587 892 3641 Benedicti
904 3587 978 3640 xiv.
