2490 4088
565 147 727 204 -lll-

119 271 197 332 lares
210 287 250 332 ex
263 267 435 345 hoc-capite
457 267 597 328 dicuntur
611 265 721 344 publici
735 267 891 342 aleamres,
910 271 940 328 et
952 263 1083 328 usmarii
1097 267 1152 338 (Ξ),

118 359 236 420 lusores
262 359 293 417 iu
313 374 413 430 scena,
438 356 557 429 mimici,
578 355 748 431 histriones,
769 356 951 433 gladiatores
970 359 1022 428 (3),
1038 355 1153 416 maeel·
1230 383 1231 436 l

117 447 194 521 larii,
207 452 237 507 et
251 445 410 506 tabernarii
425 449 476 518 (l).
494 445 681 506 contrahitur
700 446 821 520 insuper
835 463 875 506 ex
888 443 1048 520 illegitimis
1064 449 1151 502 uala-

118 536 205 608 libus,
222 552 289 610 quae
303 551 358 610 per
368 534 555 610 subsequens
567 533 789 594 matrimonium
801 535 1041 610 interponentes,
1056 538 1153 608 etper

117 623 335 700 professionem
352 622 521 697 religiosam
542 622 580 681 ad
595 623 735 682 affectum
758 620 910 682 obtinendi
925 620 1088 681 sacerdotii
1101 637 1154 681 re-

117 719 239 789 paratur
253 717 304 786 (d).
320 716 355 770 Et
372 710 476 770 ultimo
496 710 684 770 contrahitur
702 728 742 771 ex
763 709 903 786 bigamia,
931 727 999 786 quae
1022 709 1154 769 inconti-
1231 727 1232 760 l

116 800 248 860 nentium
276 799 401 873 redolet,
425 805 455 859 el
477 801 725 860 sacramentalem
753 800 1002 876 significationem
1030 798 1154 858 unionis

117 888 221 950 Christi
242 905 312 948 cum
334 905 388 948 sua
403 887 534 947 Ecclesia
553 904 614 948 non
636 888 781 948 continet.
804 887 933 963 Bigamia
947 895 1049 948 autem
1061 886 1152 946 iudu-

116 993 189 1037 ceus
214 976 461 1052 irregularitatem
480 975 587 1052 triplex
610 982 666 1048 est,
695 993 804 1052 nempe
826 993 907 1048 vcra,
928 982 961 1036 ut
983 992 1054 1036 eum
1082 976 1151 1052 quis

115 1066 217 1142 plnres
242 1065 410 1126 successive
430 1064 585 1141 cognoscit
606 1081 694 1124 veras
718 1081 846 1137 uxores,
866 1065 1101 1140 ttttttpralntt'vn,
1115 1071 1150 1124 ut
1232 1105 1233 1132 ,

114 1171 185 1214 cum
198 1153 264 1231 quis
277 1153 433 1230 cognoscit
445 1169 573 1214 uxorem
584 1153 704 1213 viduam
717 1171 736 1213 a
752 1155 853 1230 priore
864 1153 971 1214 marito
984 1154 1148 1229 cognitam,
1232 1141 1233 1154 ²

114 1243 258 1304 ueletiam
269 1261 330 1303 uon
344 1243 474 1316 viduam,
486 1243 540 1303 sed
550 1243 588 1302 ab
599 1241 659 1302 alio
673 1241 824 1317 violatam,
845 1241 914 1319 quia
923 1244 999 1318 juris
1011 1242 1147 1313 flatione,

113 1339 164 1392 aut
176 1331 420 1408 interpretatione
438 1331 660 1391 matrimonium
673 1331 811 1391 iteratum
826 1338 982 1404 censetur,
998 1337 1030 1391 et
1042 1331 1149 1392 simili
1233 1389 1234 1406 ,

114 1422 331 1493 tertineriam
351 1420 500 1496 numquis
518 1420 582 1494 init,
602 1427 632 1480 et
649 1425 806 1480 consumat
832 1419 1067 1494 matrimonium,
1092 1419 1147 1478 ob-
1233 1413 1234 1444 ³

113 1517 209 1570 stante
223 1509 284 1569 voti
298 1508 449 1582 solemnis,
467 1515 519 1568 aut
538 1509 615 1570 sacri
633 1508 747 1569 ordinis
764 1508 988 1585 impedimento,
1006 1507 1077 1584 quia
1092 1510 1145 1567 ad·

112 1599 233 1658 strictus
246 1604 327 1670 voto,
350 1597 412 1657 sive
427 1597 530 1658 ordine
553 1614 642 1658 sacro
660 1597 812 1674 quoddam
838 1597 1062 1658 matrimonium
1075 1613 1145 1657 cum

113 1687 237 1757 Christo,
263 1693 313 1746 aut
332 1686 463 1747 Ecclesia
484 1687 643 1759 contraxit,
672 1687 796 1762 quodsi
817 1686 909 1747 violet
928 1686 1142 1763 cognoscendo
1234 1751 1235 1780 ἱ

112 1791 239 1835 uxorem
253 1775 369 1835 iteranti
382 1775 603 1836 matrimonium
621 1774 723 1836 similis
736 1774 863 1835 efficitur
877 1778 887 1846 (
909 1779 930 1847 l.

149 1915 182 1978 (l)
198 1915 262 1966 Cau.
282 1915 319 1979 ll,
335 1929 359 1966 c·
374 1916 398 1976 6,
411 1927 439 1980 q.
453 1915 511 1964 l.—
521 1916 553 1978 (tl
566 1915 631 1980 Cap.
644 1914 681 1976 ll,
696 1915 728 1966 de
749 1927 837 1966 exces.
848 1915 954 1980 praelnt.
969 1939 1000 1951 -
1018 1913 1055 1978 (3)
1069 1913 1137 1966 Gan.

112 1989 138 2053 2,
150 1988 212 2040 dist.
228 1986 269 2038 33.
287 2013 312 2022 -
329 1986 362 2052 (l)
376 1985 459 2038 Clem.
475 1986 484 2036 l
501 1986 595 2038 derit.
610 1990 637 2037 et
649 1985 755 2038 honest.
771 1985 835 2036 cler.
858 1985 911 2036 Sed
929 1984 989 2036 haec
1005 1985 1140 2050 irregula-

112 2061 179 2112 ritas
195 2059 268 2125 ipsos
291 2057 372 2108 vilem
396 2062 490 2120 artem,
514 2055 684 2122 ciliciumque
703 2061 859 2107 exercentes
881 2055 973 2118 allicit,
1000 2060 1027 2107 et
1050 2069 1142 2106 eorum

111 2131 180 2182 illios
194 2143 248 2180 nou
263 2128 467 2194 comprehendit
488 2148 494 2178 ι
518 2129 599 2178 immo
618 2128 743 2193 exempla
760 2127 839 2193 plura
855 2132 918 2178 suut
935 2127 1139 2193 Episcoporum
1235 2125 1236 2176 Τ

110 2201 159 2268 qai
174 2199 269 2256 cilitiis
280 2199 436 2264 parantibus
447 2199 509 2252 nati
521 2199 675 2263 atgebeima
687 2198 836 2251 sacerdotio
847 2198 937 2264 sancti
950 2199 1037 2262 fatre,
1053 2203 1084 2248 ut
1092 2197 1140 2248 ha·

110 2273 207 2324 bernus
220 2286 252 2322 ex
267 2271 381 2336 epistola
395 2270 508 2321 Antheri
526 2270 616 2334 Papae.
634 2297 660 2307 -
676 2270 712 2334 (5)
729 2270 789 2320 Tot.
808 2271 850 2320 tit.
868 2270 901 2321 de
921 2269 959 2320 lil.
977 2270 1069 2334 presb.
1081 2271 1139 2323 ord.

110 2344 154 2396 vel
168 2356 230 2393 uon.
253 2342 331 2392 Ratio
346 2341 428 2406 hujus
441 2341 622 2392 conclusionis
646 2340 726 2391 datur
740 2353 757 2390 a
770 2340 937 2405 Tridentino,
960 2345 990 2394 at
1020 2343 1140 2406 paterna

116 2413 317 2467 incontinentia
330 2412 462 2464 memoria
476 2425 493 2462 n
507 2410 570 2462 locis
580 2409 634 2463 Bao
650 2412 810 2463 consecutis
831 2411 982 2476 longissima
1004 2415 1139 2464 arcentur.

112 2487 187 2537 Sess.
207 2485 248 2546 25,
262 2497 286 2534 c.
301 2485 325 2546 5,
340 2483 374 2535 da
393 2483 442 2534 rel.
457 2482 639 2534 Nihilominus
653 2481 701 2534 lilii
717 2482 773 2533 nati
790 2483 818 2533 iu
838 2483 1008 2534 matrimonio
1021 2483 1140 2549 putativo

112 2559 258 2609 censentur
271 2554 393 2619 legitimi,
408 2553 512 2606 etiamst
530 2559 624 2620 postea
637 2556 767 2619 conjuges
787 2568 837 2620 par
854 2555 956 2619 judicis
978 2556 1140 2606 seutentiam

111 2629 213 2680 luerint
226 2627 352 2690 separati,
366 2627 446 2677 modo
459 2626 487 2676 bi
501 2625 681 2676 clandestinas
695 2625 804 2690 nuptias
819 2639 873 2677 uon
888 2625 1024 2690 iniveriut,
1038 2632 1067 2676 ct
1078 2639 1139 2678 con·

112 2699 220 2750 ciliaras
234 2698 456 2749 denunciatioues
470 2709 525 2748 non
535 2696 688 2748 omiserint.
704 2696 775 2762 Cap.
792 2698 808 2747 2
824 2701 851 2748 et
867 2697 904 2762 ll,
919 2697 967 2762 qui
982 2696 1021 2748 lll.
1035 2698 1091 2749 siut
1101 2696 1138 2749 la·

110 2771 158 2836 git.
173 2769 248 2835 -(6)
263 2769 340 2820 Dect.
356 2767 444 2820 notit.
459 2767 665 2833 debigam.nnn
679 2766 740 2820 ord.

144 2934 207 2990 llll.
222 2931 266 2988 Ex
277 2927 398 2993 ,deiectu
416 2926 544 3003 denique
563 2924 692 2987 leuitatis
714 2932 784 2987 suut
801 2927 1000 3003 irregulares,
1020 2925 1072 3002 qui
1094 2925 1137 2985 la·

110 3023 192 3079 ctum
207 3017 420 3077 commiserunt
434 3015 606 3076 humanitati
635 3032 819 3092 repugnans,
844 3014 933 3092 quive
957 3014 1072 3076 directe
1101 3015 1138 3075 ad

109 3106 230 3184 alterius
243 3110 380 3178 mortem,
391 3105 439 3164 vel
449 3102 664 3181 mutilationem
678 3120 858 3165 concursum
873 3104 1051 3178 habueruut,
1070 3102 1137 3163 licet

109 3211 192 3255 mors
202 3196 281 3269 justa
300 3192 399 3268 luerit,
414 3198 444 3251 et
457 3210 475 3252 a
497 3194 562 3269 lege
582 3192 765 3269 praescripta.
781 3192 855 3252 lliuc
876 3191 927 3252 tali
941 3191 1137 3268 subjiciuntur

108 3281 229 3342 viuculo
249 3281 374 3358 judices,
401 3281 451 3358 qui
475 3280 580 3356 capitis
603 3281 781 3342 sententiam
806 3282 1006 3358 protulerunt,
1028 3283 1135 3342 effectu

109 3376 246 3446 sequuto,
261 3386 439 3444 assessurae,
455 3369 615 3430 consiliarii
638 3376 743 3430 contra
764 3387 859 3445 reum,
883 3374 1088 3445 accusatores,
1106 3376 1136 3430 et

109 3463 212 3532 testae,
240 3457 291 3535 qui
313 3459 517 3534 deposuerunt
535 3465 641 3518 contra
654 3474 741 3519 reum
760 3457 791 3518 in
804 3476 895 3520 musa
909 3457 1064 3536 sanguinis
1082 3462 1133 3533 (l),

106 3545 235 3609 ministri
256 3546 394 3622 J'ustitiae,
423 3546 474 3623 qui
495 3547 673 3609 sententiam
696 3547 866 3610 executioni
892 3548 1075 3610 mandarunt
1084 3552 1131 3622 ll),
