2566 4102
617 205 766 260 ,ηῇ

176 313 318 388 1616116,
340 317 378 388 23
395 314 434 374 de
449 313 557 390 quibus
571 305 640 374 fieri
658 314 766 374 debeat
791 313 920 373 visitatio
933 299 997 376 637.
1013 319 1084 388 Quae
1096 297 1206 373 ¹obser-

176 405 284 475 vanda,
301 409 335 462 ut
350 402 447 462 licitus
468 402 505 462 sit
519 418 668 478 egressus,
692 403 741 462 vel
759 403 912 478 ingressus
926 407 989 477 331,
1011 407 1111 462 3611.
1126 407 1207 462 Con-

174 493 319 554 fessarius
338 489 512 551 monialium
526 492 576 565 16,
599 497 626 550 tl.
642 497 685 552 lu
704 491 734 550 in
748 485 962 551 monasterium
983 491 1077 566 recipi
1092 495 1208 566 queant

173 581 343 642 educandae
356 585 418 640 136.
434 581 546 652 Quibus
568 581 625 640 sub
643 579 742 655 poeuis
755 579 904 656 prohibita
917 579 955 640 sit
966 579 1124 640 collocutio
1134 597 1208 640 oum
1272 639 1273 644 ,

177 669 356 731 monialibus
370 674 433 730 136.
449 674 557 729 Earum
570 669 697 729 visitatio
711 673 776 742 137,
790 669 969 746 gubernium
979 673 1041 728 133.
1055 673 1119 729 Non
1131 685 1208 744 pos-

177 767 247 820 sunt
261 759 299 818 ad
313 759 393 820 aliud
406 760 621 820 monasterium
634 758 798 830 transferri,
818 765 870 818 aut
884 759 1001 833 expelli,
1022 759 1079 817 nisi
1098 765 1207 818 aueto-

176 848 263 907 ritote
276 853 306 908 S.
322 847 406 908 Sedis
425 853 487 908 639.
505 849 629 920 Quando
648 847 896 906 transferuntura
915 846 1098 914 subiectione
1113 864 1208 922 regu-

174 935 283 996 larium
296 935 333 994 ad
349 937 566 1012 subjectionem
580 934 725 995 (trdiuarii
738 934 795 993 lrui
809 942 938 1010 pergunt
952 936 1113 1012 privilegiis
1128 935 1209 995 ordi-

175 1025 222 1084 nis
236 1023 287 1099 t'li.‚
303 1030 330 1084 6.
351 1024 582 1086 Saeeularizzatio
596 1025 626 1083 in
641 1023 820 1082 monialibus
833 1023 1006 1084 difficillima
1019 1031 1065 1085 est
1078 1023 1130 1095 16,
1147 1029 1175 1085 3.

129 1163 134 1174 .
210 1116 333 1173 Hormo
349 1112 426 1172 trina
438 1114 528 1173 debet
540 1113 712 1189 praeeedere
725 1129 886 1172 censuram
900 1117 963 1172 635.

211 1207 290 1263 llous
303 1219 428 1262 rrnrlrrs
444 1207 507 1276 616,
527 1207 555 1262 5.
983 1204 990 1208 “

210 1295 319 1350 timori
338 1294 386 1351 361
405 1309 412 1350 :
428 1291 548 1366 quando
568 1292 668 1350 locum
681 1290 788 1350 habeat
805 1290 857 1365 16,
873 1290 921 1351 eui
940 1289 1121 1367 assignanda
1138 1291 1204 1366 ib.;

174 1380 296 1455 quando
310 1385 400 1454 queat
409 1379 503 1455 judex
517 1395 582 1439 earn
599 1378 732 1454 infligere
745 1384 807 1452 736,
820 1384 848 1439 2.

210 1472 365 1528 llurrmmo
383 1467 434 1526 dat
446 1467 694 1543 irregularitatem
705 1472 768 1528 1611.

212 1562 330 1618 burun
348 1560 411 1614 613.
438 1557 550 1629 Quibus
568 1556 658 1616 rebus
673 1557 725 1615 liat
745 1557 802 1630 tb.;
818 1556 1013 1616 mutuatarius
1032 1557 1206 1633 perieulum

174 1645 302 1705 sustinet
311 1645 363 1718 16,
378 1649 405 1703 6.
423 1645 577 1716 Quomodo
591 1644 723 1704 Ecclesia
731 1646 878 1722 obligetur
892 1663 910 1704 a
923 1651 1028 1705 mutuo
1042 1664 1059 1704 a
1073 1648 1205 1722 praelato
1272 1675 1273 1678 ¹

175 1739 331 1793 contracto
347 1733 398 1808 16,
417 1738 447 1806 3;
464 1732 626 1809 quomodo,
645 1740 675 1792 et
691 1735 810 1810 quando
823 1733 934 1810 aliquid
948 1741 1087 1794 mutuans
1107 1735 1206 1810 possit

174 1820 256 1880 licite
269 1821 424 1897 percipere
444 1838 484 1882 ex
505 1828 610 1882 mutuo
625 1822 707 1895 (Vide
729 1822 849 1896 Urusa.)
865 1821 1020 1895 Quibus'in
1036 1823 1207 1884 eontraoti-
1272 1887 1273 1892 ,

173 1908 231 1970 bus
244 1910 372 1986 pecunia
385 1910 423 1971 ad
438 1911 597 1972 honestum
609 1911 727 1973 luorum
743 1911 886 1972 collocari
898 1917 988 1987 queat
1001 1915 1063 1972 616.

581 2321 582 2324 ¹
666 2237 701 2298 N

207 2503 380 2563 Nauornrro
390 2503 534 2562 lucrativa
548 2502 665 2564 eleriois
677 2501 833 2564 interdieta
848 2508 894 2564 36.

209 2595 354 2651 Nsorsrm
373 2595 418 2651 61.
475 2627 477 2630 -

206 2683 357 2739 Nororuun
374 2683 438 2756 910,
452 2680 521 2740 laeti
533 2685 562 2740 et
572 2679 647 2756 juris
656 2681 708 2753 u.;
721 2679 872 2748 notorium
886 2679 1127 2756 presumptionis
1143 2683 1184 2746 ib.

173 2763 278 2826 divisio
290 2766 412 2832 ,notorii
438 2765 506 2827 facti
532 2766 588 2842 16.;
618 2768 768 2844 quomodo
782 2769 932 2830 notorium
956 2768 1100 2844 probetur
1128 2775 1195 2847 sla,
1272 2781 1273 2788 ’

172 2858 316 2914 16113.

192 2899 333 3028 'dorsuo
351 2945 413 3016 661,
429 2947 445 3002 3
460 2949 490 3003 61
503 2948 574 3003 loo:
590 2945 740 3020 quomodo
752 2945 803 3004 fiat
815 2945 869 3018 16.;
885 2945 950 3020 ejus
963 2945 1085 3005 effeetus
1100 2945 1140 3006 lb.

206 3033 386 3102 Nournms,
402 3035 432 3089 61
453 3036 585 3092 Novimus
608 3035 661 3091 616
685 3052 691 3090 ;
716 3033 865 3108 quomodo
892 3035 1082 3108 peragendus
1100 3033 1152 3109 16,
1171 3041 1198 3094 61
1272 3089 1273 3098 ,

172 3121 240 3190 2173
254 3119 448 3194 quomodoeo
458 3127 593 3193 tempore
606 3119 735 3180 novitius
748 3121 842 3197 possit
851 3123 948 3181 lacere
963 3122 1153 3198 donationes,
1165 3129 1195 3183 et
1272 3133 1273 3140 ’

112 3249 119 3256 -
171 3207 412 3268 renunciationes
427 3207 465 3266 lb.
486 3208 622 3268 Deiectus
644 3209 802 3269 novitiatus
823 3217 869 3270 est
887 3210 1060 3270 insanabilis
1078 3216 1143 3285 616,
1168 3217 1195 3272 3.

171 3294 285 3354 Novitia
306 3297 483 3356 decurrente
497 3313 576 3356 anno
596 3297 755 3358 novitiatus
772 3297 801 3358 iu
822 3298 957 3374 periculo
977 3299 1082 3359 mortis
1095 3306 1199 3377 potest
1272 3371 1273 3382 ¹

170 3383 387 3458 professionem
400 3385 544 3460 emittere,
562 3393 591 3445 et
603 3385 714 3446 lucrari
726 3387 924 3463 indulgentias
935 3393 998 3464 336,
1014 3394 1041 3449 1.

205 3477 341 3548 Nanctus,
360 3475 422 3534 sive
435 3491 550 3548 cursor,
565 3475 614 3534 vel
629 3474 781 3551 apparitor
797 3480 860 3536 763.

206 3565 309 3626 Nuuru
326 3563 484 3639 apostolici
499 3567 563 3624 136.
