2566 4102
616 199 757 272 sspg..

176 333 349 396 Pontificem
362 331 434 392 nihil
448 332 551 408 possit,
567 349 696 410 cumque
707 334 821 410 absque
840 333 905 410 eius
927 334 1153 404 convocatione,
1170 340 1199 393 et
1263 353 1264 360 ¹

178 420 403 484 confirmatione
417 422 555 498 generale
570 423 709 483 Ecclesiae
721 423 880 483 concilium
898 422 1041 498 appellari
1055 440 1117 482 non
1130 440 1198 499 pos-

177 513 224 584 sit,
233 517 266 570 ut
278 510 355 568 lnfra
365 509 531 570 videbimus
544 515 613 582 (¹0l·
623 511 652 572 si
661 519 761 572 autem
772 511 910 572 Ecclesiae
923 511 1056 588 regimen
1069 529 1129 571 non
1140 517 1201 587 pot·
1263 515 1264 578 ξ

178 607 224 661 est
235 616 301 661 esse
314 598 561 674 aristocraticum,
577 601 767 661 tantominus
781 599 1026 662 democraticum.
1042 601 1115 660 illud
1131 617 1200 676 pro·
1263 621 1264 676 3

175 692 254 750 lecto
269 687 456 748 verissimum
467 695 522 762 est,
537 691 617 765 quod
631 690 708 750 inter
723 689 823 749 omnia
836 689 976 749 Ecclesiae
988 690 1123 753 membra
1139 707 1202 766 per·
1263 711 1264 750 3

177 781 255 840 lecta
265 778 345 854 vigel
359 778 511 854 aequalitas
525 780 624 855 quoad
637 779 859 854 generationem
875 779 1057 854 spiritualem
1071 795 1126 854 per
1149 783 1202 838 Ba·

179 867 330 943 ptismum,
346 867 445 942 quoad
458 867 548 926 vitam
559 868 662 942 gratiae
675 867 706 925 in
719 869 778 927 hcc
790 884 884 942 regno
894 867 1048 940 militante,
1060 875 1090 927 et
1104 868 1204 943 quoad

178 956 271 1015 vitam
288 955 427 1030 gloriaein
440 955 650 1031 triumphante.
667 958 724 1016 Sed
740 963 786 1016 est
808 957 863 1015 alia
882 957 1034 1031 generatio
1046 956 1204 1032 spiritualis
1263 985 1264 1032 3

179 1043 366 1104 hierarchica
382 1061 436 1120 per
455 1045 594 1104 Ordinem
618 1062 748 1119 sacrum,
769 1063 829 1122 qua
842 1062 932 1120 supra
946 1043 1077 1120 siagulos
1100 1045 1204 1104 fideles

180 1135 363 1194 extolluntur
377 1133 428 1192 Ilei
442 1133 582 1208 ministri,
593 1135 643 1210 qui
656 1141 771 1194 tautum
785 1151 871 1193 sacra
884 1135 983 1193 facere
1000 1140 1135 1210 possunt.
1154 1140 1205 1193 Est
1263 1161 1264 1164 ¹

180 1240 253 1283 saue
265 1223 432 1282 hierarchia
443 1223 542 1282 divina
552 1223 738 1284 ordinatione
752 1223 894 1296 instituta,
907 1238 1057 1298 perquam
1068 1222 1205 1298 Episcopi

180 1311 364 1388 Presbyteris
382 1312 549 1372 alliciuntur
569 1313 739 1389 superiores
755 1330 762 1386 ;
779 1319 825 1372 est
848 1319 878 1371 et
894 1312 1041 1371 Primatus
1053 1311 1205 1371 Pontificis

181 1400 310 1474 Summi,
330 1401 378 1460 cui
400 1417 505 1461 omnes
526 1395 741 1476 cujuscumque
761 1400 939 1460 conditionis
955 1407 985 1460 et
1003 1401 1116 1460 ordinis
1135 1401 1204 1460 suh·
1263 1465 1264 1468 ,

179 1489 330 1566 jiciuntur,
357 1496 391 1549 ut
410 1491 470 1549 suis
498 1492 578 1550 locis
606 1490 888 1551 demonstrabimus.
921 1496 1045 1565 Insuper
1075 1490 1207 1550 Christus
1263 1541 1264 1546 ,

181 1585 359 1654 potestatem
384 1581 527 1654 pascendi
555 1587 584 1640 et
607 1579 793 1655 gubernandi
824 1596 885 1638 non
906 1579 987 1638 dedit
1010 1581 1131 1654 populo,
1153 1579 1207 1638 sed

106 1715 113 1736 ,
181 1669 339 1744 apostolic,
355 1675 385 1727 et
399 1669 574 1729 nominatim
588 1674 677 1729 Petro
689 1684 795 1727 eorum
819 1667 920 1744 Capiti,
943 1668 994 1743 qui
1010 1670 1091 1743 leges
1105 1667 1136 1726 in
1158 1673 1208 1728 Ec

183 1757 272 1816 alesia
291 1757 329 1816 ad
348 1757 450 1834 populi
468 1759 674 1819 exclusionem
695 1775 815 1834 semper
835 1759 978 1830 tulerunt,
993 1763 1023 1817 et
1038 1757 1208 1817 executioni
1263 1821 1264 1824 ,

182 1846 362 1906 mandarunt
381 1867 387 1905 :
404 1864 470 1923 quae
491 1847 591 1906 omnia
605 1846 762 1906 manifeste
782 1852 851 1906 sunt
868 1853 1051 1922 argumenta,
1073 1847 1209 1922 regimen

182 1934 321 1996 Ecclesiae
341 1953 492 2012 nunquam
505 1939 607 2012 fuisse,
623 1955 680 1997 nec
694 1953 760 1997 esse
775 1953 864 2014 posse
878 1936 1115 1996 democraticum
1136 1941 1206 2008 (11).
1263 1985 1264 1990 ,

214 2063 249 2127 (1)
264 2062 298 2114 N.
316 2061 372 2112 123.
398 2091 426 2099 -
441 2063 476 2128 (1)
489 2063 552 2114 Pius
563 2065 638 2130 Papa
652 2063 700 2128 VI,
714 2062 878 2116 monarchici
893 2063 1029 2128 regiminis
1042 2063 1155 2114 sormam
1166 2077 1210 2130 ap-

183 2133 268 2200 pellat
280 2135 512 2200 prestantiorem
528 2141 555 2186 et
567 2136 683 2186 Bossuet
699 2135 876 2197 demonstret,
890 2147 951 2185 eam
964 2148 1024 2185 esse
1043 2136 1209 2186 communio-

184 2219 250 2269 rem,
272 2217 332 2268 quae
347 2209 451 2256 naturae
471 2207 558 2270 magis
576 2205 705 2270 congruit,
720 2208 747 2257 et
762 2205 858 2256 melior
872 2205 899 2256 iu
919 2219 958 2268 se,
979 2205 1105 2256 omnihus
1117 2207 1210 2256 utilior

183 2278 233 2327 est.
248 2275 281 2326 V.
294 2276 411 2327 Theiner
424 2277 528 2328 docum.
542 2277 613 2328 inad.
627 2283 691 2327 tom.
709 2276 730 2341 l,
746 2290 807 2341 pag.
826 2276 879 2340 178,
894 2276 958 2327 edit.
974 2276 1060 2337 Paris,
1075 2291 1118 2326 au.
1138 2276 1208 2327 1857.

184 2373 215 2385 -
233 2347 265 2410 (3)
278 2345 356 2398 loen.
374 2347 411 2398 17.
436 2376 462 2384 -
479 2349 512 2414 (1)
529 2348 611 2400 Math.
637 2347 673 2398 18.
690 2375 721 2384 ·-
737 2348 772 2412 (5)
794 2347 872 2398 Joen.
893 2346 932 2398 ld.
950 2375 980 2384 -
994 2347 1029 2412 (6)
1048 2347 1126 2399 Joan.
1139 2347 1171 2398 Ed
1185 2353 1211 2398 et

184 2417 278 2468 Matth.
291 2419 331 2470 28.
343 2446 375 2457 —
389 2421 423 2484 (l)
439 2421 564 2486 Episcopi
582 2433 642 2470 aum
661 2419 782 2472 Romano
805 2418 933 2470 Pontifice
947 2419 1100 2482 gubernent
1122 2419 1209 2470 eccle·

185 2489 263 2551 siam,
278 2503 339 2540 cum
356 2505 387 2542 eo
402 2492 581 2542 infallibiliter
595 2491 700 2548 docent.
710 2503 825 2554 cumque
839 2503 870 2541 eo
885 2489 977 2554 ligant,
994 2493 1018 2540 et
1027 2490 1148 2551 solvuut;
1164 2490 1212 2540 sed

185 2561 288 2626 absque
302 2574 343 2624 eo,
361 2563 426 2628 quin
448 2563 584 2627 colligant,
606 2562 774 2628 dispergunt,
798 2563 875 2612 extre
894 2561 1077 2626 episcopatum
1098 2561 1211 2612 calholi-

185 2645 246 2682 cum
261 2631 363 2695 vivunt,
376 2637 402 2684 ct
411 2637 441 2684 ut
450 2633 614 2685 schismatici
631 2634 659 2683 in
673 2647 754 2683 manu
769 2633 873 2697 proprii
895 2631 999 2682 concilii
1012 2631 1110 2695 privati
1124 2647 1212 2683 rema-

184 2705 259 2754 nent.
275 2703 307 2754 V.
322 2703 436 2770 Phillips
450 2706 483 2756 de
496 2707 552 2770 jur.
569 2705 634 2756 eccl.
648 2705 661 2767 ἓ
674 2705 714 2755 13.
723 2703 796 2768 -(8)
810 2704 876 2754 Haec
889 2702 1052 2754 confirmatio
1066 2704 1149 2754 tacita
1162 2708 1211 2768 est,

185 2774 229 2826 vel
243 2787 378 2840 expressa.
394 2777 487 2828 Tacita
500 2777 552 2828 fuit
569 2777 596 2826 in
610 2775 756 2840 Apostolis,
780 2775 910 2840 quidone
925 2787 941 2824 a
958 2774 1073 2837 Christo,
1088 2780 1116 2825 et
1136 2778 1214 2841 pote·

186 2849 283 2897 statem
303 2849 544 2899 extraordinariam
565 2847 749 2910 obtinuerunt,
766 2852 792 2896 et
810 2846 839 2896 in
856 2845 999 2910 Episcopis
1019 2845 1053 2896 ah
1071 2847 1210 2910 Apostolis

186 2909 344 2968 constitutis}
359 2919 496 2984 Expressa
513 2923 562 2982 est,
578 2933 639 2984 quae
654 2919 734 2970 datur
748 2917 888 2982 Episcopis
908 2929 925 2967 a
939 2915 1043 2968 Christi
1057 2916 1166 2968 Vicaric
1180 2917 1215 2967 ed
1263 2975 1264 2978 Ἴ

164 2993 166 2997 “
186 2987 327 3040 ecclesiam
342 2991 534 3054 particularem
548 2989 649 3053 missis,
672 2989 719 3055 qui
731 2991 809 3040 extra
829 2987 994 3038 territorium
1015 2988 1068 3038 sibi
1088 2988 1213 3052 assigua-
1263 3043 1264 3052 ἶ

186 3063 244 3108 lum
260 3064 398 3126 nequeunt
407 3061 622 3126 jurisdictionem
637 3060 782 3124 explicare,
798 3063 824 3110 et
836 3059 870 3109 ab
886 3058 958 3109 omni
968 3059 1158 3123 jurisdictione
1174 3072 1216 3108 ca·
1263 3091 1264 3094 =

186 3129 263 3192 dunt,
277 3133 300 3196 si
315 3133 407 3183 missio
430 3137 579 3183 revocetur.
597 3132 688 3198 Hujus
701 3132 740 3183 rei
766 3131 917 3194 exemplum
938 3143 1040 3194 reeens,
1051 3133 1078 3182 et
1094 3130 1216 3180 omnium
1263 3115 1264 3148 ¹

186 3203 375 3264 gravissimum
388 3204 520 3254 hahemus
534 3204 561 3253 in
576 3204 655 3254 Bulla
669 3201 784 3254 Ecclesia
801 3199 900 3254 Christ-i
915 3201 958 3250 Pii
974 3201 1035 3264 VII,
1052 3193 1080 3251 in
1097 3214 1152 3266 qua
1164 3215 1214 3251 no·
1263 3213 1264 3216 ’

186 3287 221 3324 ve
237 3273 266 3323 111
276 3275 487 3339 circumscriptio
497 3275 707 3339 Episcopatuum
722 3272 825 3334 Gallim,
840 3271 902 3322 novi
915 3275 977 3322 suut
990 3272 1066 3322 inissi
1077 3272 1214 3336 Episcopi,

188 3347 214 3396 et
223 3345 321 3409 priscis
331 3345 503 3397 interdictum
514 3345 626 3411 quodvis
630 3345 827 3410 jurisdictionis
841 3343 1032 3394 ecclesiasticae
1047 3343 1214 3394 exercitium.

188 3441 218 3454 -
232 3416 267 3480 (9)
277 3417 354 3468 card.
373 3417 464 3482 chlia
477 3416 545 3468 lust.
557 3418 612 3482 jur.
627 3417 771 3481 pubpart.
787 3415 812 3480 2,
828 3421 894 3466 lom.
910 3414 933 3474 1,
944 3428 968 3475 c,
981 3414 1002 3464 1.
1017 3415 1107 3479 -(10)
1118 3415 1216 3466 Devoti

188 3487 254 3544 lust.
266 3489 323 3560 jur.
337 3488 403 3541 Gen.
418 3488 447 3540 iu
455 3488 556 3557 proleg.
568 3501 595 3542 e.¹
607 3487 632 3554 2,
645 3485 658 3556 ἢ
670 3488 700 3540 to
714 3490 742 3538 et
754 3488 793 3538 21.
806 3515 834 3525 -
843 3486 895 3553 (11)
909 3485 1071 3540 Devotieod.
1082 3485 1141 3546 loc.¹
1153 3483 1216 3554 (18.
