2468 4090
589 193 751 251 ...186-

107 347 111 362 ·
151 331 221 383 rum
239 316 338 378 solum
350 329 422 377 uere
435 312 632 392 presentium
648 312 712 376 dmi
730 313 849 390 debent,
864 313 913 374 vel
930 312 996 374 dari
1013 327 1160 378 conmme-

151 412 222 468 runt
239 408 291 476 (l).
1163 445 1165 450 ,

186 494 240 558 llic
254 492 349 570 prima
361 492 501 570 exceptio
514 493 548 554 tlt
560 491 591 551 in
605 509 653 567 eo,
666 491 717 570 qui
727 489 898 552 infirmitate
912 490 1070 568 detinetur,
1083 509 1118 552 ne
1128 493 1162 554 ad

151 582 277 643 chorum
291 581 425 655 accedat,
439 581 554 642 etiamsi
567 581 721 642 infirmitas
733 580 765 640 in
777 581 870 641 libere
887 586 1026 657 suscepta
1044 581 1163 658 peregri·

151 657 1225 746 nmwmmmmmmmml

150 759 293 819 interesse
306 758 507 833 consueverit,
528 759 601 820 ndns
615 758 748 820 absentia
761 775 822 818 non
836 755 975 818 tribuitur
987 759 1101 833 morbo,
1115 761 1164 820 sed
1224 715 1225 808 i

149 847 293 910 voluntati
303 851 353 921 (E).
369 853 430 909 Nec
444 848 581 924 quaelibet
594 847 763 908 invaletudo
778 863 848 908 cum
858 847 917 908 hoc
928 847 1038 908 effectu
1050 856 1163 910 excusat

150 937 290 1010 sonoro,
305 937 359 997 sed
372 937 421 998 illa
437 944 562 1010 tantum,
579 954 645 1013 quae
666 936 766 1012 gravis
788 942 842 1009 est,
858 953 920 996 non
938 936 1023 1010 levis,
1046 955 1161 1014 quaeque

150 1042 271 1087 omnem
284 1025 484 1087 interventum
497 1026 630 1103 impedit,
640 1042 702 1085 non
713 1025 842 1102 aliquem
854 1029 905 1096 (3).
920 1025 1036 1086 Etenim
1050 1026 1075 1085 si
1088 1044 1164 1086 cano

150 1115 235 1178 nicus
249 1121 348 1192 potest
360 1114 391 1174 in
411 1114 580 1176 infirmitate
599 1115 785 1190 negotiorum
805 1129 929 1173 suorum
946 1120 1091 1190 satagere,
1111 1132 1162 1176 non

150 1205 238 1266 debet
260 1203 412 1265 servitium
435 1203 574 1264 Ecclesiae
593 1203 753 1278 negligere,
767 1201 814 1262 eui
834 1220 867 1262 se
881 1202 1019 1276 devovit;
1036 1209 1066 1264 et
1079 1203 1104 1263 si
1117 1221 1163 1262 ne·

150 1299 240 1370 quem
253 1293 391 1352 omnibus
404 1291 487 1364 horis
507 1291 660 1363 interesse,
680 1308 741 1350 non
763 1295 923 1350 excusatur
936 1291 1054 1366 abillis,
1068 1293 1163 1368 quibus
1224 1311 1225 1332 ¹

149 1387 249 1459 potest
261 1381 405 1441 interesse
419 1380 532 1456 absque
543 1379 645 1439 salutis
659 1378 846 1439 detrimento.
868 1378 1062 1439 Nihilominus
1077 1397 1163 1440 caeeus

149 1469 272 1530 omnino
286 1475 458 1540 excusatur,
471 1467 586 1528 etiamsi
599 1474 716 1544 partem
729 1467 818 1528 offleii
831 1473 921 1543 queat
934 1467 1072 1545 recitare,
1084 1485 1163 1546 quam

148 1557 294 1620 memoria
306 1557 415 1618 retinet
429 1561 480 1628 (l).

185 1645 320 1706 Secunda
339 1644 476 1720 exceptio
490 1645 524 1705 fit
535 1645 566 1704 in
581 1661 630 1716 eo,
653 1643 704 1720 qui
725 1644 815 1704 hahet
832 1645 946 1720 iustum
963 1655 993 1706 et
1010 1645 1164 1722 legitimum

149 1735 286 1812 corporis
296 1734 550 1812 impedimentum,
561 1751 600 1794 ne
610 1734 648 1793 ad
663 1735 789 1794 chorum
802 1735 934 1810 accedat,
945 1741 978 1796 ut
992 1735 1018 1795 si
1031 1735 1097 1811 quis
1108 1737 1164 1796 sine

148 1824 254 1886 mortis
268 1824 307 1884 ab
319 1822 446 1884 inimicis
468 1823 629 1884 inferendae
647 1822 780 1900 periculo
801 1830 929 1898 nequeat
945 1823 989 1883 *ad
1011 1824 1164 1884 Ecclesiam

149 1911 302 1986 accedere,
317 1913 342 1971 si
357 1912 424 1988 quis
444 1911 483 1973 sit
502 1912 610 1987 injuste
631 1912 917 1985 excommunicatus,
931 1913 980 1972 vel
1002 1913 1164 1974 carceribus

149 2003 297 2076 detentus,
311 2002 360 2061 rel
378 2001 410 2060 in
424 2001 545 2062 exilium
561 2003 673 2076 pulsus,
695 2002 780 2075 cujus
804 2000 974 2061 innocentia
995 2001 1083 2062 luerit
1104 2003 1164 2062 inde

145 2090 274 2166 juridice
287 2089 397 2166 agnita,
412 2096 442 2150 et
460 2089 606 2150 sententia
620 2089 650 2149 in
664 2089 832 2166 appellabili
848 2090 1008 2163 declarata,
1028 2097 1059 2151 et
1071 2091 1164 2167 siquis

147 2179 313 2240 animarum
324 2195 397 2240 cura
410 2195 470 2238 non
485 2185 624 2254 gravatus
637 2195 655 2238 a
672 2195 726 2238 sua
737 2171 870 2256 Ecclesia
882 2179 1051 2254 recesserit,
1067 2180 1097 2239 in
1110 2197 1163 2256 qua

147 2269 310 2328 vehemens
321 2273 475 2344 grassatur
484 2266 585 2343 pestis.
601 2267 636 2326 lli
647 2266 768 2343 quidem
780 2283 885 2327 omnes
896 2274 1022 2342 possunt
1033 2267 1163 2328 dunim-

149 2355 244 2418 tiones
258 2357 445 2435 quotidianas
459 2363 607 2432 repetere,
622 2355 813 2417 etiamsinon
833 2355 942 2417 luerint
958 2363 1121 2440 praesentes
1136 2356 1162 2416 in

147 2447 269 2521 choro(
289 2450 310 2519 ).

183 2537 278 2598 Tertia
296 2533 433 2612 exceptio
453 2536 488 2595 tit
507 2534 600 2609 ineo,
615 2533 666 2610 qui
683 2532 851 2595 evidentem
864 2534 1003 2596 Ecclesiae
1018 2535 1163 2598 utilitatem

146 2630 313 2702 promovet,
321 2624 364 2684 uti
378 2629 425 2684 est
438 2623 603 2684 canonieus
614 2623 779 2700 Theologus
790 2640 846 2699 pro
860 2641 896 2685 ea
905 2621 963 2699 die,
974 2643 1035 2702 qua
1049 2632 1078 2688 S.
1093 2623 1161 2686 Scri-

146 2721 266 2791 pturam
277 2713 358 2789 legit,
367 2711 605 2773 Paenitentiarius
619 2729 675 2788 pro
687 2729 723 2772 eo
737 2719 884 2789 tempore,
898 2731 957 2790 quo
970 2714 1162 2774 confessiones

146 2804 237 2877 audit,
253 2809 284 2864 et
297 2801 459 2862 canonicus
473 2807 595 2863 curatus
609 2817 665 2878 pro
679 2819 716 2862 eo
731 2808 878 2878 tempore,
893 2820 953 2879 quo
968 2803 1050 2864 eirca
1070 2818 1162 2865 curam

136 2891 314 2952 animarum
324 2897 514 2967 occupatur:
536 2889 607 2951 item
623 2890 797 2966 canonicus,
817 2891 868 2968 qui
889 2892 928 2951 ad
946 2893 1097 2967 Ecclesiae,
1120 2892 1162 2952 vel

149 2979 269 3057 capituli
282 2979 401 3056 negotia
413 2979 567 3040 tractanda
582 2978 741 3040 concilium
753 2982 902 3056 generale,
915 2983 962 3043 vel
979 2982 1159 3059 provinciale,

148 3070 197 3128 rel
213 3069 425 3144 dioecesanum,
436 3069 485 3129 vel
505 3068 689 3142 Pontificem,
704 3071 753 3131 vel
769 3074 890 3146 Regem,
903 3071 952 3130 vel
971 3071 1162 3147 Magistratum

149 3157 221 3232 adit,
234 3158 286 3234 qui
299 3159 337 3218 ab
349 3158 497 3234 Episcopo
511 3157 543 3217 in
556 3157 602 3218 sui
610 3158 707 3219 vicem
718 3159 757 3219 ad
765 3158 919 3219 invisenda
929 3159 1033 3220 limina
1047 3165 1160 3237 Aposto-

148 3247 248 3307 lorum
270 3247 405 3320 mittitur,
429 3253 460 3308 et
481 3246 532 3323 qui
553 3247 651 3323 ipsum
675 3247 855 3324 Episcopum
876 3249 915 3309 ad
929 3249 1069 3310 eumdem
1082 3250 1159 3308 linem

149 3339 273 3396 Romam
282 3337 476 3398 accedentem
485 3335 703 3410 comitaturtdl:
719 3337 789 3397 item
802 3339 1103 3410 demumcanonicus,
1118 3335 1158 3412 qui

149 3425 188 3484 nd
197 3424 358 3500 spiritualia
367 3425 509 3487 exercitia
522 3424 660 3486 obeunda
674 3426 711 3485 ad
725 3425 854 3502 aliquam
867 3426 1036 3502 ‘religiosam
1050 3429 1160 3486 domum

150 3528 184 3572 se
197 3514 312 3573 confert
326 3517 378 3587 (7),
393 3518 423 3572 et
437 3513 487 3589 qui
499 3511 647 3574 indultum
665 3514 755 3575 habet
771 3531 789 3574 a
803 3521 832 3576 S.
850 3515 1082 3592 congregatione
1096 3527 1158 3574 con·

29 3638 31 3646 1
142 3589 269 3662 'cessum
287 3601 427 3662 absentie
445 3601 586 3676 achoro,
604 3603 656 3664 ubi
668 3603 787 3666 assidue
801 3609 832 3666 et
844 3603 1030 3666 laudabiliter
1043 3602 1158 3682 quadra·
