2468 4090
579 259 615 272 -
631 227 686 290 2³⁰
703 258 739 271 -

147 376 159 406 ι
176 353 244 408 mittl
257 352 367 420 potent.
382 353 413 422 θ’,
424 351 546 406 Professi
561 351 694 406 dictorum
709 355 831 405 votorum
845 349 1015 417 simplicium
1027 346 1179 418 pertleipes

68 429 74 438 '
148 447 160 477 ι
178 429 258 479 erunt
273 425 394 476 omnium
409 425 564 490 gratiarum,
583 427 609 475 et
622 424 834 491 privilegiorum,
849 423 949 488 quibus
963 421 1095 489 professi
1112 425 1180 471 voto·

151 517 162 547 ι
182 511 240 548 rum
254 496 412 548 solemnium
427 496 456 546 in
471 497 617 546 memorato
631 495 732 548 Ordine
755 495 873 560 legitime
894 497 1017 554 utuntur,
1034 495 1182 552 fruuntur,

148 588 160 617 ι
178 573 207 620 et
217 567 346 632 gaudent.
366 569 392 614 l·
404 567 562 633 Superiores
577 567 725 631 regulares,
746 566 781 616 ad
805 579 873 631 quos
891 568 1004 631 spectat,
1026 561 1183 616 concedere

148 643 304 704 «poterunt
326 636 482 703 hujusmodi
507 636 637 702 professis
658 637 761 688 litteras
787 636 955 688 dimissorias
977 636 1131 686 dumtaxat
1152 631 1185 683 ad

149 729 162 758 ι
180 709 296 775 primam
309 713 458 770 tonsuram,
472 710 499 760 et
512 707 547 762 ad
560 708 669 760 ordines
683 707 811 771 minores,
834 707 947 760 serratis
960 710 1058 758 tamen
1074 705 1184 770 dejure

149 800 160 830 ι
180 781 329 844 servandis,
345 785 373 832 et
393 780 545 846 presertim
564 793 625 846 quie
647 780 720 832 eirea
740 779 923 830 ordinationes
946 778 1137 844 Regularium
1151 776 1184 826 ab

150 872 162 904 ι
178 851 334 917 Apostolioa
348 851 412 902 sede
427 851 587 917 prescripta
601 853 672 902 sunt.
687 852 713 902 8⁰
725 851 797 902 Anni
811 850 995 917 professionis,
1007 850 1059 915 qui
1071 853 1104 898 in
1115 848 1185 898 dieto

152 942 164 972 ι
182 922 276 976 ordine
293 922 476 988 requiruntur,
488 926 518 973 nt
534 921 595 987 quis
610 935 673 972 voce
686 923 773 972 activa
792 925 817 972 et
830 921 940 986 passiva
957 919 1093 984 gaudeat.
1111 916 1186 970 etad

97 995 101 1004 ’
151 1013 164 1043 ι
181 993 268 1046 officia
282 993 388 1046 admitti
402 993 497 1058 possit,
512 1006 528 1044 a
546 993 590 1044 die
603 992 756 1044 emissionis
777 997 899 1044 votorum
922 991 1095 1056 simplicium
1111 1003 1185 1041 com-

152 1084 165 1114 ι
183 1067 328 1131 putantum
343 1069 371 1116 et
384 1063 498 1128 professi
514 1065 638 1115 votorum
655 1064 820 1129 simplicium
842 1061 1001 1126 suffragium
1015 1063 1147 1114 habeant
1159 1061 1186 1109 in

153 1155 166 1186 r
183 1136 250 1188 actis
262 1135 457 1200 capitularibus
475 1133 517 1186 sui
531 1138 689 1196 conventus,
702 1139 845 1200 quotenne,
859 1138 885 1186 et
899 1136 979 1198 prout
1004 1133 1118 1184 hahent
1141 1144 1184 1182 so·

154 1227 166 1257 r
184 1207 310 1259 lemniter
321 1206 477 1274 professi...
493 1205 533 1256 100
547 1205 662 1256 Prolessi
671 1214 794 1258 votorum
804 1204 967 1270 simplicium
978 1218 1127 1256 remanere
1138 1203 1183 1253 de·

153 1298 165 1328 r
183 1278 250 1330 bant
263 1278 291 1330 in
313 1277 437 1328 domibus
454 1276 634 1340 professoriis,
648 1280 675 1327 et
693 1277 854 1340 studiorum,
866 1279 893 1328 et
910 1278 993 1327 vitam
1006 1286 1186 1327 communem

155 1369 167 1398 ι
185 1348 330 1415 perlectam
343 1349 496 1402 observare.
516 1364 527 1394 ι

187 1547 250 1602 222.
272 1546 385 1602 Statrun
396 1542 574 1618 regularem,
585 1556 675 1616 quem
690 1541 757 1617 quis
777 1541 870 1601 semel
887 1540 983 1600 valide
1005 1538 1180 1616 assumpsit,

152 1631 299 1692 dimittere
312 1630 564 1706 imponensque,
580 1646 618 1690 ex
633 1647 693 1706 quo
709 1629 852 1710 iluitillud
866 1635 1025 1689 Doctorum
1034 1631 1180 1689 effatum:

153 1720 250 1782 Semel
267 1719 449 1788 mochus,
468 1735 582 1794 semper
603 1719 776 1778 monachus.
796 1717 988 1778 Nihilominus
1004 1736 1022 1777 a
1039 1723 1180 1792 suscepta
1231 1735 1232 1740 ¹

151 1807 294 1884 religione
309 1807 487 1883 quandoque
505 1805 660 1884 religiosus
675 1807 827 1879 liberatur,
848 1808 929 1882 quod
942 1806 1096 1883 tripliciter
1117 1804 1180 1865 lieri

155 1903 263 1972 potest,
273 1894 412 1954 videlicet
427 1915 433 1953 :
449 1911 503 1970 per
516 1895 692 1970 eJertt'onem,
707 1911 762 1970 per
778 1897 942 1956 tramitum
956 1898 995 1956 nd
1006 1897 1101 1955 aliern
1116 1894 1180 1953 reli

154 1985 271 2062 pirum
281 1983 468 2057 strietiorem,
480 1988 509 2042 et
519 1983 744 2059 portationem,
757 1986 834 2062 quod
844 1985 1118 2046 secularizzetion-is
1128 2001 1177 2058 np-

154 2073 277 2152 pellortt.
288 2078 358 2133 Jure
369 2072 530 2132 novissimo
539 2089 627 2133 nemo
635 2073 765 2148 legitime
775 2075 927 2150 professus
936 2075 1003 2150 ejici
1012 2091 1030 2134 e
1039 2072 1178 2148 religione

154 2168 262 2239 potest,
279 2161 335 2220 nisi
348 2162 386 2221 sit
397 2177 468 2220 rere
482 2160 747 2237 incorrigibilem).
767 2169 828 2223 lloo
838 2169 939 2223 autem
952 2180 1025 2222 casn
1038 2161 1124 2221 debet
1132 2166 1175 2218 ter

154 2249 280 2324 moueri,
295 2256 326 2310 et
338 2247 446 2325 puniri,
461 2255 492 2308 et
510 2266 564 2326 per
584 2267 636 2310 sex
661 2266 780 2310 menses
793 2251 822 2310 in
839 2251 950 2328 jejunio
965 2257 996 2310 et
1007 2245 1175 2326 poenitentia

157 2341 188 2400 in
200 2337 372 2400 monasterii
385 2337 556 2397 carceribus
570 2336 713 2411 detineri;
734 2339 841 2416 quibus
859 2339 1030 2416 premissis,
1044 2337 1069 2396 si
1083 2337 1110 2395 in
1123 2351 1174 2394 sua

158 2427 352 2505 perversitate
371 2425 435 2486 sine
451 2425 665 2484 emendationis
693 2427 792 2486 fructu
819 2427 967 2502 persistat,
992 2445 1011 2486 a
1029 2423 1174 2501 superiore

159 2515 317 2592 Religionis
332 2530 401 2574 enm
415 2530 563 2573 consensu
575 2530 629 2572 serr
643 2514 769 2573 aliorum
782 2515 998 2590 Religiosorum
1011 2513 1043 2572 in
1053 2518 1171 2586 Congre-

161 2605 279 2682 gatione
293 2602 466 2679 provinciali
481 2601 712 2676 designatorum,
725 2608 755 2662 et
769 2620 786 2661 e
801 2603 961 2678 superiore
972 2601 1173 2662 Generalieon·

162 2695 357 2762 firmatorum,
372 2696 471 2767 potest
477 2690 625 2750 sententia
633 2690 783 2750 definitiva
797 2691 950 2767 ejectionis
963 2692 1099 2766 proferri,
1112 2705 1173 2765 quae

164 2799 224 2842 non
246 2779 401 2840 transitio
423 2778 597 2854 judicatum,
618 2779 671 2838 sed
692 2786 800 2854 potest,
825 2788 854 2840 et
878 2781 968 2840 debet
985 2778 1127 2851 revocari,
1150 2775 1171 2835 si

163 2873 277 2945 ejectus
291 2867 319 2926 irr
335 2867 445 2926 bonam
458 2867 575 2942 irngem
585 2874 761 2941 revertatur,
777 2868 845 2944 quia
858 2869 938 2944 quod
953 2875 998 2928 est
1009 2882 1169 2929 excommu-

163 2957 271 3018 nicatio
286 2957 362 3016 inter
375 2955 478 3028 laicos,
492 2954 551 3014 hoo
573 2955 635 3014 fere
658 2963 703 3014 est
719 2957 853 3030 expulsio
876 2956 952 3016 inter
972 2957 1131 3032 religiosos,
1144 2959 1170 3013 et

165 3053 322 3120 utrumque
336 3043 365 3102 in
378 3050 503 3118 peccato
520 3043 724 3119 pertinaciam,
746 3061 805 3102 non
825 3052 1016 3122 peccatorem
1031 3041 1169 3120 persequi-

163 3141 220 3194 tur.
245 3139 286 3192 llc
304 3130 347 3192 sic
369 3133 512 3207 expulsus
534 3131 667 3191 habiturn
685 3133 855 3208 regularem
872 3133 1007 3206 dimittit;
1031 3134 1061 3192 in
1075 3133 1168 3195 werlo

166 3221 235 3280 vivit
248 3220 349 3279 habitu
365 3220 542 3279 clericorum
552 3221 738 3280 secularium
749 3221 880 3294 indutae,
893 3229 923 3281 et
932 3230 1169 3299 manciperpetuo

164 3309 202 3368 ab
216 3309 355 3368 ordinum
368 3307 513 3368 exercitio
534 3325 707 3384 suspensus,
734 3309 803 3384 quin
824 3311 980 3386 suspensio
994 3329 1049 3387 per
1062 3311 1167 3372 Ordina-

166 3397 243 3458 rium
257 3391 493 3474 queat'relaxari‚
510 3404 563 3457 aut
577 3398 725 3458 moderari
740 3401 750 3468 (
770 3403 791 3470 ).

195 3543 230 3610 (l)
245 3545 345 3597 Causas
367 3543 523 3596 delictorum
544 3547 571 3595 ct
593 3544 836 3610 incorrigibilitatis
849 3546 877 3596 in
898 3546 1028 3598 monacho
1046 3547 1168 3598 enumerat

161 3613 263 3668 'Glossa
275 3616 304 3666 in
318 3615 396 3668 illem.
413 3617 437 3677 l,
447 3615 480 3666 de
495 3622 556 3667 stat.
570 3616 692 3668 monach.
705 3617 781 3670 verb.
796 3615 901 3682 dumi,
914 3615 962 3672 uhi
976 3620 1030 3671 ait:
1041 3615 1167 3672 Duodedm
