2468 4090
601 156 763 212 -182-

174 289 228 330 uon
245 289 305 330 esse
318 274 454 328 canonicis
467 273 618 328 incivitate
634 275 795 340 degentibus
808 275 965 327 facultatem
978 275 1119 342 aliquando
1134 289 1187 328 sese

175 349 290 401 invicem
299 345 643 408 substituendi,dummodo
654 345 870 410 eodemtempore
880 346 1091 410 substituens,et
1099 347 1189 399 snbsti.
1221 363 1222 422 v

172 425 248 474 tutus
256 418 343 469 eidem
353 416 462 468 servitio
472 416 603 482 adscripti
613 430 667 468 non
677 417 740 470 sint.
748 417 837 481 Sogiia
846 417 973 482 lustjur.
992 417 1188 482 priviildloo
1221 425 1222 478 l

173 498 263 545 umen
274 490 321 554 jus
334 501 389 540 non
402 487 557 538 conceditur
571 487 786 552 coadjutoribus.
802 487 929 540 Giraldus
949 489 984 540 ad
1001 503 1060 556 cap.
1078 488 1187 540 [luteum

174 561 207 614 de
221 559 307 613 celeb.
320 558 407 618 missa
421 571 513 623 usque
527 558 590 617 illis.
605 559 653 623 qui
668 563 808 610 morantur
820 563 896 610 extra
907 559 1051 612 civitatem.
1064 559 1121 610 Hoc
1134 573 1188 610 con·
1221 549 1222 602 l

172 632 278 684 caditur
293 645 326 682 ex
337 631 416 694 Juxta
432 643 525 692 causa,
538 643 601 680 cum
615 629 800 682 moderatione
820 631 955 698 Episcopi,
971 644 1004 682 ue
1019 645 1069 698 per
1088 632 1187 682 nimiam

171 701 354 768 frequentiam
372 713 403 752 eo
414 699 478 764 jnre
495 701 622 752 Quonici
636 701 791 752 abutantur.
805 700 904 753 Bened.
918 702 992 753 XIV.
1003 702 1072 754 Inst.
1082 703 1135 767 tot,
1146 703 1157 765 1
1168 701 1187 751 l.

172 799 204 812 -
214 773 250 838 (1)
263 771 338 823 Trid.
351 784 418 823 sess.
435 770 479 830 tl.
495 785 518 822 c.
535 771 573 830 tt,
588 772 623 824 de
637 771 722 822 rei-
735 771 771 836 (3)
785 773 852 824 lust.
868 773 921 837 107,
938 786 966 824 n.
981 773 1022 836 21,
1037 778 1065 826 et
1080 787 1151 839 seqq.
1164 773 1186 822 S.
1221 779 1222 818 t

173 837 470 900 Barolus'Borromaeus
483 841 534 893 hec
548 843 581 894 de
595 856 624 894 re
637 843 676 893 ita
688 843 836 917 Canonipos
847 843 1044 909 alloquebatur.
1060 863 1071 892 a
1084 845 1137 896 Vos
1149 843 1187 908 qui
1221 823 1222 898 1

175 937 186 966 ι
205 917 234 966 in
247 913 395 966 cathedrali
415 913 538 964 Ecclesia
556 913 699 978 dignitates
719 913 856 977 obtinetis,
871 915 992 965 canonici
1007 915 1073 966 item
1087 917 1185 977 attente,

173 1007 185 1036 ι
203 985 335 1050 studiose,
349 984 409 1043 rite,
423 983 477 1050 pie,
495 984 622 1048 religiose
636 985 742 1035 divinas
759 984 853 1036 laudes
867 986 1063 1050 concelebrate,
1078 990 1104 1037 ct
1123 985 1185 1050 psal·
1221 977 1222 1054 i

174 1058 252 1110 «lite
274 1057 330 1109 Deo
351 1057 379 1106 in
400 1059 545 1121 conspectu
565 1055 741 1120 Angelorum,
756 1059 885 1107 canentes
905 1056 933 1106 iu
952 1057 1081 1108 cordibus
1101 1056 1186 1108 vestris
1221 1055 1222 1122 l

174 1148 186 1178 a
204 1129 329 1182 Domino.
343 1127 376 1178 In
390 1126 471 1178 choro
484 1139 564 1194 nemo
576 1126 712 1194 privatim,
723 1140 802 1178 nemo
816 1127 896 1178 tacite
910 1126 1026 1179 officium
1037 1129 1137 1191 recitet,
1147 1126 1186 1178 sed
1221 1123 1222 1144 ¹

174 1221 185 1250 ι
202 1213 297 1252 omnes
310 1198 413 1264 pariter
427 1195 590 1262 quicumque
603 1196 713 1255 adestis,
729 1210 809 1248 senes
831 1212 893 1249 cum
912 1199 1069 1262 junioribus
1090 1197 1185 1250 laudate

173 1292 186 1321 a
202 1284 301 1324 nomen
315 1267 423 1322 Domini
436 1268 465 1320 in
478 1267 601 1332 psalmis,
616 1269 734 1334 hymnis,
745 1273 772 1320 et
784 1269 905 1321 canticis.
922 1287 932 1317 ι
1221 1271 1222 1342 l

1221 1417 1222 1444 l

206 1461 270 1519 tao.
290 1453 408 1529 Tertio,
437 1457 577 1513 tenentur
598 1452 734 1514 canonici
756 1453 862 1515 missas
884 1455 1098 1516 conventuales
1119 1455 1184 1514 inter
1221 1449 1222 1528 l

171 1548 270 1625 ipsum
283 1544 417 1604 dunum
432 1541 564 1602 officium
575 1541 727 1602 celebrare
742 1545 793 1617 (1),
808 1560 900 1604 unam
910 1543 1049 1604 nimirum
1065 1543 1185 1620 quotidie
1221 1545 1222 1626 l

170 1637 209 1697 de
223 1634 321 1695 oliloio
335 1631 468 1692 currenti
480 1631 555 1690 'oum
569 1631 789 1707 supplicatione
804 1649 859 1707 pro
873 1632 1132 1705 benefactoribus,
1147 1633 1182 1691 al·
1221 1633 1222 1704 l

171 1733 266 1786 teram
281 1724 319 1782 de
333 1720 416 1794 feria,
431 1719 457 1779 si
467 1725 576 1795 praetor
588 1719 698 1779 testum
713 1736 749 1780 eo
769 1720 817 1780 die
830 1727 968 1781 occurrat
982 1721 1055 1781 ieris
1067 1721 1183 1798 quadra-
1221 1711 1222 1792 l

168 1813 299 1889 gesimae‚
314 1808 514 1885 rogationum,
527 1813 655 1884 quatuor
669 1815 848 1885 temporum,
863 1816 915 1870 aut
928 1809 1045 1886 vigiliae,
1062 1816 1093 1870 et
1105 1811 1182 1870 etiam

171 1900 297 1976 tertiam,
313 1898 338 1958 si
351 1902 460 1974 praeter
471 1897 589 1970 festum,
602 1901 632 1956 et
646 1896 774 1972 vigiliam
789 1904 949 1958 occurrant
962 1898 1139 1974 rogationes,
1155 1903 1183 1956 ut

170 1989 200 2048 iu
214 1985 368 2064 pervigilio
381 1983 568 2045 ascensionis
583 1989 634 2056 (1).
651 1990 759 2046 Verum
772 1983 827 2044 etsi
843 1987 920 2060 duae,
944 1989 991 2047 vel
1012 1993 1074 2046 tres
1094 1986 1181 2047 missae

167 2076 380 2138 conventuales
394 2073 452 2132 sint
472 2072 621 2132 interdum
643 2074 841 2146 celebrandae;
864 2081 963 2146 tamen
977 2076 1066 2136 unica
1079 2081 1181 2136 lantum
1221 2107 1222 2158 p

168 2168 255 2228 decet
267 2162 399 2242 quotidie
413 2178 470 2238 pro
486 2161 726 2222 benefactoribus
744 2162 775 2222 in
789 2180 899 2241 genere
915 2165 1085 2226 necessario
1098 2161 1180 2240 appli-

1221 2303 1222 2331 l

171 2253 233 2317 cari
244 2259 297 2328 (3).

199 2403 235 2470 (1)
249 2403 312 2469 Cep.
328 2401 366 2463 ll,
381 2397 415 2450 de
427 2397 512 2450 celeb.
526 2398 588 2450 mis.
597 2424 628 2435 -
641 2398 677 2464 (1)
690 2397 774 2451 Missa
786 2399 971 2452 conventualis
985 2400 1019 2454 de
1033 2403 1127 2454 Sancto
1141 2413 1177 2452 oe·

167 2471 298 2528 lentanda
311 2474 353 2524 ast
362 2472 422 2536 post
434 2469 551 2531 tertiam,
566 2469 600 2520 de
614 2469 707 2536 vigilis
723 2477 785 2534 post
796 2475 908 2534 sextam,
921 2475 948 2524 ci
961 2472 995 2524 de
1009 2473 1179 2539 rogationibus
1221 2481 1222 2526 i

166 2550 229 2613 post
241 2556 349 2596 nonam.
364 2566 395 2578 -·
407 2541 443 2604 (3)
457 2540 501 2592 Sic
522 2539 663 2592 delinitum
685 2544 727 2592 est
740 2542 769 2591 iu
782 2541 839 2593 bul.
854 2540 925 2606 {Oum
939 2555 1043 2609 semper
1055 2540 1177 2597 Benedicti
1221 2529 1222 2622 l

165 2616 241 2669 XIV.
262 2615 324 2666 Non
344 2615 454 2664 excusat
477 2611 511 2662 ab
529 2625 610 2663 onere
629 2623 808 2677 quascumque
831 2614 996 2666 consuetudo
1011 2629 1074 2681 qum
1093 2615 1178 2666 dicitur
1221 2631 1222 2678 l

165 2689 269 2740 abusus
282 2687 309 2736 et
321 2681 482 2748 corruptela.
497 2681 539 2732 Id.
548 2682 595 2740 ibe,
605 2686 633 2733 at
646 2681 784 2734 Perochus
798 2683 938 2736 celebrans
952 2685 1063 2738 missam
1077 2698 1177 2739 oonven·
1221 2679 1222 2718 l

164 2760 277 2818 tualem,
290 2768 344 2807 non
358 2755 503 2806 excusatur
516 2766 533 2804 a
546 2752 630 2804 Missa
643 2766 692 2819 pro
705 2749 1176 2820 populo‚qi1amdabetcelebrares

165 2828 303 2895 applicare
316 2838 366 2899 per
379 2823 472 2875 alium.
485 2823 518 2874 ld
532 2823 599 2875 inst.
616 2822 671 2886 107,
684 2837 710 2875 n.
728 2825 757 2876 13
769 2829 797 2877 et
810 2839 885 2892 seqq.
1221 2843 1222 2872 l

197 3006 390 3074 l8l.Quarto,
405 3004 545 3058 tenentur
559 2999 696 3058 canonici
712 2999 892 3077 Episcopum
905 3003 1047 3078 revereri,
1061 3015 1175 3078 eumque

163 3092 323 3164 associare,
340 3105 410 3150 cum
423 3079 548 3160 accedit,
571 3091 601 3147 et
619 3088 731 3148 recedit
749 3089 787 3148 ab
801 3091 942 3165 Ecclesia,
956 3099 986 3152 et
1000 3092 1124 3152 comitiis
1136 3107 1176 3150 cs·
1221 3077 1222 3160 i

164 3179 340 3261 pitularibus
366 3175 520 3248 interesse,
548 3174 605 3234 nisi
622 3175 750 3251 legitime
775 3187 966 3255 excusentur,
994 3182 1075 3257 quod
1103 3179 1175 3241 eiam
1221 3161 1222 3232 1

165 3279 237 3332 tuuc
250 3265 371 3328 evenire
392 3269 500 3341 potest,
520 3267 590 3324 cum
610 3265 710 3324 omnia
731 3264 762 3324 in
786 3267 916 3344 capitulo
945 3270 1010 3330 sine
1031 3272 1107 3346 iege,
1124 3267 1174 3328 sine

165 3359 278 3428 ordine,
301 3361 331 3416 et
350 3353 418 3430 sine
435 3352 529 3414 modo·
546 3360 690 3428 geruntur
710 3359 764 3429 (l);
781 3356 865 3416 aliter
884 3374 946 3418 non
960 3357 1173 3419 intervenientes

164 3445 380 3519 delinquerent,
409 3447 439 3500 et
463 3440 583 3516 quidem
608 3441 749 3517 graviter,
771 3443 868 3520 siper
888 3447 1018 3508 notabile
1036 3454 1175 3524 tempusa

163 3533 272 3594 talibus
291 3528 416 3606 comitiis
432 3545 488 3604 per
509 3535 713 3608 contemptum
727 3533 874 3596 obessent.
890 3539 960 3598 llaeo
980 3553 1073 3612 porro
1097 3536 1172 3597 inter·
