2546 4082
419 327 422 334 ,
479 257 639 315 -acr-

30 382 82 440 tur
95 377 413 440 excommunicatione
434 397 496 442 non
518 387 670 442 reservata
695 381 733 440 ab
756 397 794 441 eo
816 387 979 454 momento,
1001 395 1062 458 quo

30 468 172 528 habitum
193 467 346 545 religionis
368 469 487 530 dimittit
500 473 551 544 (2).
575 471 730 546 tpostasia
752 469 881 545 denique
899 470 937 530 ab
957 469 1062 530 ordine

30 557 75 631 tit,
93 574 166 618 cum
180 557 248 634 quis
260 558 292 618 in
306 558 401 618 sacris
414 558 568 619 ordinibus
588 559 768 620 constitutus
788 558 922 618 habitum
937 558 1062 619 clerica·

31 643 96 704 lem
110 645 235 722 propria
247 645 425 706 auctoritate
438 647 530 718 exirit,
543 664 635 724 seque
644 648 683 706 ad
696 654 806 708 statum
817 645 954 708 laicalem
964 653 1061 708 trans·

29 732 106 806 iert;
123 740 155 794 et
170 733 215 794 sie
227 740 368 810 nposuta
381 733 543 811 privilegiis
558 736 744 797 clericalibus
758 736 904 812 privatur,
919 743 950 796 et
964 741 1063 812 potest

30 824 142 900 maiori
155 823 466 886 excommunicatione
483 825 599 902 percuti
617 827 629 896 t
648 831 668 898 ).

59 980 99 1047 (l)
115 981 181 1048 Gap.
194 980 231 1046 1³,
243 979 277 1033 de
289 979 385 1032 haeret.
395 981 423 1032 in
436 979 592 1046 asportata
603 981 631 1032 in
644 979 695 1032 boc
708 994 790 1033 sensu
801 980 830 1032 in
842 993 874 1034 eo
888 979 1064 1046 distinguitur

31 1053 65 1104 ab
82 1053 224 1118 haeretico,
241 1052 314 1120 quod
338 1052 383 1104 bic
403 1052 466 1104 talis
489 1056 530 1104 est
543 1066 592 1118 per
607 1053 779 1118 negationem
805 1053 887 1104 etiam
903 1052 985 1104 unius
1002 1056 1063 1104 tnn-

31 1130 91 1176 tum
105 1137 140 1176 ex
151 1123 215 1176 ndei
231 1124 373 1185 articulis3
399 1123 445 1176 ille
464 1138 528 1176 vero
543 1137 593 1190 per
614 1125 734 1176 omnium
750 1124 928 1176 articulorum
941 1123 1063 1187 negatio-

32 1209 104 1248 nem.
131 1195 172 1246 De
189 1195 332 1260 apostatis
350 1195 427 1260 regui
445 1195 556 1256 Serviae,
569 1195 616 1261 qui
638 1195 791 1247 transibant
804 1196 847 1247 vel
871 1195 1008 1260 fingebant
1029 1195 1064 1246 ad

30 1267 269 1318 mahometismum
285 1267 401 1318 transire
421 1266 480 1318 haec
494 1267 565 1318 inter
581 1267 631 1318 alia
649 1267 802 1334 praecripsit
811 1267 973 1318 Benedictus
987 1266 1062 1326 XIV,

32 1343 63 1390 ut
81 1338 131 1404 qui
146 1337 241 1388 volunt
252 1337 365 1403 sepeliri
380 1337 408 1388 in
430 1339 610 1388 monumentis
628 1337 786 1401 Turdorum,
798 1343 824 1389 et
845 1338 982 1400 mulieres,
1001 1351 1062 1406 quae

32 1412 128 1462 tenant
140 1409 291 1460 Turcarum
315 1409 529 1468 contubernium,
542 1409 570 1459 in
593 1409 658 1473 vita,
673 1413 700 1460 et
721 1410 749 1461 in
763 1413 848 1460 morte
862 1410 1002 1475 priventur
1018 1424 1062 1461 sa·

32 1480 188 1532 oramentis.
204 1479 264 1532 Bul.
279 1477 357 1534 Inter
372 1480 527 1544 omnipotens
541 1479 630 1544 ejusd.
640 1481 719 1533 Poni.
734 1507 763 1520 -·
777 1481 813 1547 (l)
829 1481 894 1548 Cap.
907 1481 932 1541 i,
947 1495 982 1536 ne
996 1481 1060 1534 clar.

33 1551 76 1606 vel
89 1565 165 1604 mon.
180 1551 210 1604 in
223 1551 248 1604 6.
265 1579 296 1590 -
311 1551 426 1619 Pirhing
439 1551 473 1604 de
483 1555 573 1618 apost.
590 1566 617 1603 n.
631 1553 656 1604 5.

66 1776 133 1832 aet.
153 1769 285 1832 simonia
306 1789 325 1832 a
347 1771 467 1832 Simone
487 1775 571 1847 llago
590 1777 773 1848 nuncupata,
795 1772 846 1848 qui
861 1771 899 1831 ab
913 1771 1064 1848 Apostolis

37 1861 134 1938 pretio
158 1877 258 1921 emere
280 1860 481 1921 contendebat
503 1859 582 1920 dona
604 1861 729 1937 spiritus
745 1860 854 1934 Sancti,
869 1867 911 1920 cst
931 1861 1064 1920 studioso

32 1952 173 2013 volutatos
188 1951 313 2024 emendi,
335 1958 389 2011 cot
408 1951 553 2010 vendendi
564 1952 656 2026 pretio
672 1950 826 2027 temporati
845 1950 961 2026 aliquid
973 1949 1063 2026 spiri-

36 2041 127 2116 tuale,
136 2040 182 2100 oei
191 2039 343 2118 spirituali
352 2055 516 2099 annocum.
529 2039 641 2098 Dicitur
649 2040 788 2098 voluntas
800 2039 943 2111 studioso,
956 2055 1065 2115 nempe

33 2130 88 2190 rite
103 2129 281 2201 deliberata3
297 2129 413 2188 emendi
425 2135 456 2188 et
469 2128 622 2198 vendendi,
641 2145 695 2188 seu
713 2129 835 2188 alterius
852 2129 976 2188 ineundi
996 2145 1065 2189 oon·

34 2225 149 2278 tractus
176 2235 238 2278 non
262 2217 396 2294 gratuiti3
418 2217 511 2293 pretio
532 2217 695 2293 temporali,
712 2217 771 2276 hoc
792 2223 838 2276 est
850 2233 905 2292 per
925 2234 1065 2276 munusa

35 2322 136 2381 manu,
153 2313 205 2366 aut
216 2325 234 2365 a
247 2305 359 2382 lingua,
375 2315 427 2366 aut
438 2306 476 2364 ab
490 2305 634 2380 obsequio
647 2309 707 2378 (l),
723 2305 837 2381 aliquid
853 2306 1017 2381 spirituale,
1033 2311 1066 2365 ut

34 2395 249 2469 suntviriutes,
265 2401 461 2467 sacramenta,
485 2393 649 2467 orationes3
665 2395 712 2453 vel
727 2394 879 2470 spirituali
900 2410 1063 2473 annocum,

34 2493 64 2544 ui
79 2491 151 2545 sunt
166 2501 239 2543 vasa
252 2501 350 2559 sacra,
367 2483 572 2544 ecclesiastica
586 2484 654 2559 jura
667 2489 852 2557 patronatus,
866 2490 896 2542 et
909 2482 1064 2541 beneficia.

34 2578 178 2634 Caetennm
206 2572 387 2649 quandoque
403 2579 449 2632 est
464 2578 569 2632 contro
584 2573 634 2648 jus
648 2570 789 2643 divinum,
806 2578 840 2631 ut
857 2571 988 2630 vendere
1011 2574 1065 2629 Sa·

32 2668 238 2735 eramentum3
254 2669 284 2722 et
298 2661 481 2738 quandoque
496 2667 613 2720 tantum
634 2665 740 2720 contra
753 2661 804 2736 jus
817 2659 1065 2733 ecclesiasticum,

35 2759 67 2812 ut
79 2757 253 2830 permutare
264 2750 446 2810 beneficium
455 2750 577 2826 proprie
591 2749 767 2808 auctoritate
781 2753 832 2822 (2).

68 2839 201 2901 simonia
216 2839 360 2899 dividitur·
377 2839 408 2898 in
423 2837 595 2908 montalent,
615 2838 877 2912 convicinitatem,
896 2844 927 2898 et
942 2835 1064 2896 reolum.

33 2929 167 2990 ilentalis
182 2934 237 3001 est,
253 2945 313 3003 qua
338 2927 404 2988 sine
425 2926 627 2988 conventione
646 2927 734 2986 datur
759 2928 1005 3003 temporale-cum
1019 2925 1065 2984 in·

33 3017 167 3079 tentione
180 3016 334 3093 obligandi
360 3015 555 3092 recipientem
572 3015 610 3074 ad
626 3015 814 3075 reddendum
838 3014 1000 3089 spirituale,
1015 3019 1066 3073 aut

32 3105 173 3168 vicissim.
191 3105 443 3186 conventionalia,
461 3121 520 3182 qua
534 3104 621 3164 datur
639 3105 805 3179 temporale
824 3119 894 3162 cum
911 3111 1000 3178 pacto
1015 3119 1066 3162 re-

34 3195 162 3272 cipiendi
175 3195 340 3278 spirituale,
358 3200 409 3254 aut
422 3193 571 3265 vicissim3
586 3193 699 3268 absque
710 3209 748 3252 eo
761 3201 858 3252 tamen
874 3191 1065 3268 quodutrim·

35 3302 93 3362 que
105 3285 187 3344 iacta
201 3283 238 3342 sit
248 3283 326 3359 pacti
337 3283 487 3343 executio.
496 3287 621 3342 Domum
635 3281 733 3356 realia,
743 3297 805 3357 qna
818 3281 930 3339 dictum
945 3287 1066 3355 pactum

34 3373 87 3433 luit
100 3373 249 3449 utrimque
264 3372 442 3432 executione
453 3373 560 3431 saltem
574 3371 713 3431 inchoata
727 3371 919 3446 completum.
931 3369 961 3429 si
975 3369 1065 3428 simo·

36 3464 84 3522 uia
109 3463 140 3522 in
168 3461 293 3521 materia
321 3461 537 3522 beneficiorum
564 3460 766 3520 committatur
798 3458 921 3536 proprio
945 3458 1066 3518 nourine

36 3551 257 3626 Confidentioiis
282 3550 461 3626 appellatur,
484 3567 552 3625 quae
565 3556 638 3610 tunc
655 3549 795 3621 occurrit,
810 3563 879 3606 cum
895 3547 961 3621 ortis
982 3547 1066 3606 alteri

38 3638 98 3714 dat,
112 3639 202 3713 cedit,
222 3645 273 3699 aut
287 3643 431 3714 procurat
448 3638 626 3704 beneficium
646 3655 716 3706 cum
738 3635 928 3710 confidentia,
943 3635 1006 3696 siva
1019 3636 1065 3695 in·
