2546 4082
641 187 801 248 410..

200 309 326 370 rumenti
338 309 453 370 leaders
465 309 496 372 in
507 311 694 388 majestatem
699 311 878 388 iungentum
891 307 1056 380 rebellione,
1065 303 1196 366 cumbelo

201 397 310 460 devicti
329 405 398 476 post
420 399 593 460 fidelitatem
613 400 744 476 iuratam
768 400 877 460 itemm
895 397 927 458 in
943 397 1198 472 majestatemama

200 486 466 564 vertunt,quiideo
475 488 615 548 dicuntur
623 489 759 561 rebelles,
768 488 853 564 quasi
860 490 1044 546 revertentes
1052 483 1211 554 adbellnm3·

112 643 116 654 ,
199 575 349 648 seditione,
360 593 428 636 cum
442 577 543 652 plures
557 577 595 636 eb
610 577 675 636 eliis
688 576 869 649 dividunum,
884 581 923 636 66
932 574 1075 634 factiones
1085 573 1113 633 in
1123 572 1200 645 maje-

200 669 308 724 statem
320 673 423 740 agtmt,
441 683 507 742 quae
521 665 626 726 seditio
641 665 749 726 dicium
762 665 848 742 quasi
864 680 997 723 seorsum
1011 663 1076 735 itio;
1089 677 1122 720 ac
1132 658 1200 719 deni-

200 769 259 828 que
270 753 480 829 perdaellione,
495 771 565 814 cum
583 753 650 830 quis
669 753 701 813 in
723 755 908 830 majestatem
928 751 1055 827 insurgit
1075 749 1126 810 sibi
1137 749 1203 823 eius-

200 839 270 900 dem
283 842 491 903 anctoritatem
512 859 672 918 usurpans,
695 842 747 919 qui
769 841 929 918 perduellis
948 840 1120 916 appellatur,
1134 836 1203 914 quasi

200 927 239 989 sit
252 929 291 989 ad
309 929 443 990 duellum
456 930 619 992 accinctus.
635 936 706 990 Post
719 931 822 990 laesam
834 931 1021 1004 majestatem
1032 928 1161 999 divinam,
1171 924 1203 983 de

200 1035 260 1094 qim
279 1018 396 1094 egimus
416 1019 446 1078 in
470 1018 556 1079 titulo
575 1018 767 1096 praecedenti,
781 1019 841 1078 boc
859 1023 905 1078 est
922 1016 1086 1076 maximum
1097 1015 1203 1080 crimen,

199 1107 281 1183 quod
294 1107 460 1184 privatione
473 1107 700 1180 beneficiorum,
710 1107 895 1168 inhabilitate
906 1105 944 1166 ad
955 1105 1013 1164 alia
1025 1103 1171 1174 benefida,
1180 1107 1206 1160 et

199 1194 298 1254 officia
311 1194 523 1268 ecclesiastice,
534 1204 564 1255 et
578 1194 888 1258 excommunicatione
901 1209 1019 1253 summo
1033 1189 1157 1252 Pontifici
1165 1205 1204 1249 re

198 1290 328 1357 servata,
342 1284 466 1360 aliisque
477 1284 577 1361 poeuis
589 1302 607 1344 a
618 1286 686 1361 jure
698 1284 847 1356 canonico
862 1282 1022 1360 plectitur(
1041 1287 1063 1356 ).

230 1473 265 1539 (l)
279 1476 344 1542 Gap.
356 1475 381 1536 2,
395 1471 430 1528 de
443 1487 515 1540 poen.
530 1475 560 1526 in
571 1473 594 1526 6.
614 1503 645 1516 -
662 1475 698 1541 (t)
713 1475 778 1527 Gan.
794 1473 834 1540 ii,
856 1489 880 1527 6.
899 1475 924 1538 6,
940 1488 967 1540 q.
983 1475 1005 1526 t.
1023 1502 1054 1512 -
1068 1473 1100 1540 (3)
1116 1471 1172 1536 Cap.
1186 1471 1206 1534 5,

199 1543 234 1596 de
246 1559 317 1611 poen.
334 1546 362 1596 iu
374 1547 397 1598 6.
412 1545 491 1600 Unde
506 1551 630 1612 apparet,
645 1561 727 1613 qnam
750 1546 819 1598 laisa
837 1546 881 1608 sit,
903 1549 930 1598 et
949 1546 1086 1598 hominum
1104 1542 1207 1596 societati

199 1616 305 1670 intensa
318 1615 362 1669 ilia
375 1631 444 1669 nova
458 1618 589 1677 doctrina,
604 1631 666 1684 quae
681 1618 854 1670 rebellionem
868 1617 970 1668 licitam
979 1616 1133 1682 proclamat,
1142 1627 1206 1680 que·

198 1701 251 1754 qua
267 1703 355 1754 nuper
370 1689 496 1741 damnata
510 1690 538 1740 in
552 1690 675 1755 sequenti
690 1691 872 1756 propositione
887 1689 938 1740 suit
950 1709 956 1739 ι
969 1706 980 1738 e
996 1688 1130 1754 legitimis
1138 1686 1207 1736 Prin·

199 1760 305 1827 cipibus
325 1760 506 1814 obedientiam
526 1761 686 1823 detrectare,
708 1761 762 1814 imo
785 1766 813 1814 et
832 1759 966 1813 rebellare
990 1759 1062 1812 lieet.
1084 1776 1095 1806 ι
1117 1755 1206 1822 Sylleb.

199 1844 277 1897 prop.
291 1831 330 1884 bi.

232 2063 296 2120 268.
305 2058 514 2134 nomicidium,
525 2058 607 2135 quod
620 2060 685 2119 solo
698 2059 820 2119 nomine
833 2059 945 2132 horret,
958 2067 1000 2120 est
1011 2059 1135 2120 bominis
1145 2057 1207 2117 ocri-

196 2149 240 2209 eio
254 2149 290 2208 ob
309 2149 427 2208 immine
445 2150 535 2224 fectu.
552 2150 647 2208 blultae
668 2147 826 2207 traduntur
843 2165 861 2206 a
882 2143 1207 2208 Doctoribnshomicidii
1252 2199 1253 2258 1

197 2237 329 2314 species3
347 2237 401 2297 sed
415 2237 503 2296 nobis
523 2237 604 2296 aliud
624 2243 670 2298 est
687 2236 997 2306 coroniacensem
1015 2235 1146 2296 cmoole:
1162 2250 1205 2291 no
1252 2259 1253 2273 ¹

197 2325 358 2384 luntarium
374 2324 404 2383 in
419 2324 555 2400 simplae,
575 2331 606 2384 et
619 2325 835 2400 quolifirotonn,
844 2324 986 2400 portium
1003 2324 1101 2384 etheo
1114 2325 1207 2384 iterum

197 2413 227 2472 in
242 2413 448 2486 assassinium,
468 2413 521 2472 ubi
534 2413 587 2472 fiat
601 2429 671 2472 cum
686 2411 958 2489 premeditatione3
974 2413 1005 2472 in
1016 2413 1207 2490 proditionem
1230 2448 1252 2500 s}

197 2499 249 2560 ubi
262 2501 314 2560 ilat
326 2518 381 2577 per
392 2502 478 2562 dolos
487 2510 517 2562 et
531 2501 670 2573 insidias3
686 2501 717 2561 in
729 2501 936 2577 parricidium,
949 2502 999 2561 ubi
1013 2502 1065 2562 fiat
1075 2503 1105 2561 in
1118 2516 1207 2577 paren·
1251 2501 1252 2527 ³

198 2587 288 2662 libne,
302 2597 353 2649 out
364 2591 518 2666 sanguine,
534 2591 584 2650 vel
604 2590 747 2650 affinitate
763 2590 901 2666 proxime
919 2591 1105 2666 coniunctis,
1118 2590 1206 2650 aede

197 2693 280 2738 mum
301 2677 331 2736 in
351 2678 548 2754 socdlepidm,
568 2678 620 2736 ubi
638 2678 688 2736 liat
706 2677 737 2737 in
761 2695 890 2753 persona
904 2683 964 2737 beo
983 2694 1078 2738 sacra,
1095 2675 1206 2739 llomici-
1250 2684 1251 2749 i

197 2765 280 2827 dium
293 2766 493 2828 voluntarium
506 2767 683 2843 appellatur,
699 2783 768 2826 cum
781 2767 904 2839 directe,
918 2773 947 2826 et
960 2784 1015 2842 per
1029 2785 1072 2840 se,
1082 2775 1130 2827 aut
1142 2765 1208 2825 indi·
1250 2751 1251 2779 ¹

196 2863 278 2915 recte
292 2855 319 2916 ei
331 2855 493 2930 praebendo
506 2871 627 2914 causam
641 2855 813 2929 intenditur,
829 2863 862 2915 ut
880 2856 910 2915 iu
931 2864 1111 2931 procurante
1131 2857 1207 2914 abor·

198 2950 261 3004 tum
272 2947 324 3018 (l),
340 2944 408 3003 licet
423 2961 482 3004 non
498 2943 605 3003 habeat
619 2943 815 3004 intentionem
831 2944 989 3004 occidendi
1013 2945 1152 3005 infantem
1164 2946 1205 3014 (i).
1249 2957 1250 3033 t

197 3032 319 3091 casuale
332 3031 448 3106 dicitur,
463 3033 544 3107 quod
558 3049 615 3092 nec
626 3032 749 3106 directe,
762 3032 974 3093 necindirecte
986 3032 1155 3107 intenditur,
1164 3030 1208 3092 sed

81 3141 84 3148 ·
197 3135 270 3179 casu
283 3119 405 3179 omnino
421 3120 575 3196 contingit,
591 3129 625 3180 ut
638 3120 669 3179 in
688 3139 735 3194 eo,
753 3120 803 3196 qui
817 3121 1072 3197 circumspiciens,
1085 3129 1115 3183 et
1127 3121 1207 3182 nemi·

198 3223 268 3268 nem
279 3206 394 3280 videns,
405 3207 523 3285 projicit
533 3208 678 3284 perticam
688 3208 726 3267 de
739 3215 870 3268 curmet
879 3226 1007 3284 puerum
1017 3213 1150 3270 vulnerat
1165 3215 1205 3284 (3).
1248 3270 1249 3284 ,

197 3297 329 3373 Simplex
341 3304 387 3357 est
400 3298 482 3372 quod
495 3299 573 3357 mala
586 3298 738 3358 voluntate
754 3303 846 3371 caret,
861 3304 894 3356 ut
907 3297 937 3356 in
952 3315 1000 3372 eo,
1013 3299 1065 3375 qui
1076 3295 1207 3375 percussit

198 3383 305 3445 intuitu
318 3385 482 3470 disciplina
496 3389 548 3460 (t),
564 3387 612 3444 vel
633 3385 664 3444 in
685 3385 755 3445 ludo
776 3390 832 3458 (b);
847 3392 897 3445 aut
911 3387 1022 3446 malam
1040 3390 1205 3448 voluntatem

198 3471 288 3533 habet
301 3473 414 3549 absque
429 3474 551 3550 speciali
565 3479 746 3550 aggravante
759 3473 991 3548 circumstantia,
1000 3481 1034 3534 ut
1047 3475 1077 3534 in
1088 3476 1159 3547 rixa,
1169 3471 1205 3532 vel
1247 3491 1248 3539 t

199 3559 231 3621 in
245 3561 343 3620 subito
359 3561 411 3622 irae
429 3562 552 3638 impetu.
568 3562 773 3634 Qualibcotum
791 3562 920 3639 denique
939 3565 1002 3640 est‚'
1011 3565 1093 3641 quod
1114 3569 1205 3640 praeter
1246 3641 1247 3656 χ

1246 3657 1247 3684 i
