2490 4088
521 133 681 188 -lts-

79 251 183 316 definit3
200 261 320 324 potestas
342 256 451 308 demum
464 255 570 320 imperii
584 257 679 308 eadem
695 257 737 308 est
750 269 782 308 ac
796 256 915 321 potestas
936 256 1103 321 jurisdictio·
1182 295 1185 307 .

79 323 128 374 nia.
143 327 226 379 Gard.
241 331 332 394 Soglia
346 329 416 380 Inst.
438 329 494 394 jur.
515 329 581 394 pub.
597 330 614 380 l.
628 328 649 388 1,
663 342 686 379 6.
704 328 725 390 1,
746 327 793 391 fil.
808 329 877 380 Sunt
890 327 946 385 clii.
962 331 1008 396 qui
1022 344 1107 382 unam

78 399 183 448 tantum
195 406 317 452 statuunt
333 399 523 462 hierarchiam,
537 393 582 451 ‘cui
596 400 728 450 Dominus
741 397 822 452 iesus
834 413 927 453 omnes
937 399 1049 451 tradidit
1057 415 1104 466 po-

78 470 188 522 16616166
202 476 257 522 tam
274 471 387 533 ordinis,
404 483 485 536 quam
505 471 712 536 jurisdictionis,
727 473 754 522 et
773 471 931 536 magisterii.
957 471 1027 523 Hinc
1048 473 1107 524 brac

79 539 157 590 unica
174 541 329 594 hierarchia
343 547 384 594 est
409 543 533 593 columna
552 542 651 608 triplex
668 542 842 607 Episcopatu,
861 543 1065 607 presbyteratu,
1080 547 1108 596 et

80 610 228 664 Diaconatu
244 621 379 675 constans,
392 626 454 679 quae
468 614 672 664 fundamentum
686 613 769 664 habat
782 613 811 664 in
822 615 913 676 Petra,
929 628 1011 680 supra
1025 629 1107 680 quam
1131 667 1135 682 ,

80 679 202 735 Ecclesia
223 685 356 737 aedificata
375 685 434 748 luit,
457 688 484 738 et
499 686 628 736 verticem
654 685 682 734 in
699 685 819 750 primatu
840 686 938 738 summi
957 687 1106 739 Pontillcis.

81 751 281 820 Consequenter
297 756 450 808 hierarchia
462 770 518 808 una
531 761 582 819 est,
598 755 732 821 attriplex
746 757 813 822 quia
826 759 882 809 tres
901 758 981 809 dictae
1000 759 1105 824 species

80 837 132 874 non
148 825 279 878 disserunt
293 829 321 878 in
345 840 384 891 re,
402 827 451 880 aad
464 830 568 878 tantum
581 827 609 878 in
623 827 728 888 iorma3
744 827 812 880 alias
834 829 895 894 quis
909 832 1000 893 posset
1016 831 1106 894 suspi-

82 895 136 945 cari
149 897 179 947 in
193 899 312 950 Ecclesia
337 898 389 950 hoc
408 911 468 950 esse
487 899 673 962 incongruum,
697 898 770 963 quod
793 902 866 958 esset
885 899 961 965 Papa
976 900 1106 951 Ecclesia

83 969 163 1032 eaput
176 969 204 1020 iu
217 969 368 1021 hierarchia
379 969 585 1034 jurisdictionis,
611 983 672 1034 quae
695 970 730 1020 ab
748 983 779 1020 66
798 969 902 1036 incipit,
924 984 978 1022 non
1001 985 1065 1022 vero
1078 972 1107 1022 in
1174 989 1177 998 ¹

84 1036 233 1091 hierarchia
246 1040 349 1092 ordinis
362 1054 424 1106 quae
436 1041 532 1106 incipit
545 1042 581 1093 ab
590 1042 735 1106 Episcopo.
749 1040 863 1106 Phillips
878 1041 947 1094 Inst.
964 1044 1020 1107 jur.
1034 1043 1102 1108 pub.

85 1109 149 1173 232,
161 1113 190 1162 tt
203 1117 229 1162 et
245 1112 285 1164 67.
300 1113 357 1164 Nos
370 1117 461 1163 tamen
475 1112 613 1178 antiquam
633 1113 781 1166 retinemus
807 1112 969 1165 hierarchis
992 1113 1103 1165 divisio-

84 1191 145 1230 nem
161 1183 267 1246 ineam,
284 1188 402 1248 quaeest
424 1183 526 1234 ordinis
549 1189 575 1234 et
591 1198 660 1248 eam,
679 1187 797 1250 quaeest
814 1183 1030 1248 jurisdictionis:
1049 1189 1107 1235 tum

86 1252 149 1315 quia
161 1255 302 1306 communis
316 1259 358 1305 est
373 1256 444 1306 inter
457 1255 588 1306 Doctores
601 1255 688 1319 magis
706 1256 851 1323 probatos;
864 1260 922 1305 tum
932 1255 997 1319 quia
1009 1255 1106 1307 indua·

86 1321 137 1374 bus
151 1325 233 1377 citatis
250 1325 410 1378 hierarchia
434 1326 575 1390 speciebus
594 1326 671 1377 adest
683 1326 764 1377 tertia
788 1325 947 1390 magisterii,
961 1339 1023 1376 cum
1046 1326 1106 1378 haec

88 1393 115 1443 in
127 1395 273 1448 hierarchia
284 1397 483 1463 iurisdictionis
494 1397 678 1459 contineatur,
694 1401 750 1449 lum
765 1399 847 1449 etiam
864 1397 928 1463 quia
941 1399 1034 1466 nostra
1046 1397 1105 1448 hia-

90 1467 196 1518 rarchiae
209 1469 303 1520 divisio
326 1483 343 1520 a
367 1469 395 1520 S.
418 1468 521 1520 Thema
534 1469 673 1532 probatur,
691 1483 752 1520 curn
771 1468 809 1520 ait
825 1489 831 1519 ι
850 1463 1009 1534 spiritualis
1031 1472 1105 1534 pole·

92 1537 222 1594 atessam
242 1539 350 1605 quidem
373 1538 577 1592 secremntcts's
599 1541 646 1601 cst,
669 1538 726 1591 alic
745 1537 983 1604 jurisdictionelis.
1007 1533 1105 1590 Secre-

93 1610 235 1662 msntalts...
260 1625 316 1677 qua
332 1625 380 1676 par
399 1611 521 1676 aliquam
546 1610 771 1663 consecrationem
793 1612 962 1676 consertor...
987 1611 1106 1664 Potestas

93 1681 414 1748 cutsmjurr'sdtetionclts
434 1686 482 1747 cst,
495 1695 552 1748 qua
566 1695 583 1734 a
596 1681 714 1747 simplici
727 1682 895 1748 injunctione
915 1680 1105 1733 166νηί616666-

94 1748 183 1810 fertur.
199 1755 252 1817 11,
270 1769 296 1821 q.
313 1755 353 1817 39,
367 1757 420 1805 art.
439 1755 463 1804 3.
478 1779 507 1791 -
523 1755 557 1818 (1)
574 1753 650 1806 Ceth.
666 1753 746 1805 Conc.
759 1752 832 1804 Trid.
849 1753 883 1804 de
902 1765 956 1804 sac.
972 1751 1031 1804 ord.
1050 1754 1062 1816 ξ
1076 1753 1103 1803 6.

95 1846 123 1857 -
138 1821 169 1887 (3)
183 1824 327 1890 Propterea
340 1825 528 1876 Tridentinum
541 1825 662 1876 delinivit
675 1827 733 1875 tum
746 1824 954 1887 ordinationem,
969 1827 1027 1875 tum
1040 1823 1104 1874 mis-

95 1891 187 1945 sionem
199 1909 257 1947 esse
272 1897 465 1960 necessariam,
479 1902 510 1947 ut
519 1897 580 1962 quis
596 1897 683 1961 possit
697 1909 757 1947 esse
772 1895 910 1960 legitimus
923 1895 1010 1957 verbi,
1022 1898 1103 1946 6166-

97 1972 280 2018 crementorum
292 1967 427 2028 minister,
445 1973 471 2018 et
482 1981 527 2018 eos
540 1967 709 2018 anathemate
720 1967 866 2033 percussit,
880 1967 927 2032 qui
941 1966 1105 2018 contrarium

97 2031 209 2089 dicerent.
224 2038 349 2101 866613,
365 2053 423 2090 can.
439 2039 463 2090 7.
478 2039 557 2104 -(1)
572 2038 644 2090 Sess.
659 2037 699 2102 28,
715 2051 737 2088 c.
755 2037 812 2089 let
824 2051 883 2088 can.
894 2038 918 2088 l.

127 2267 181 2323 111.
201 2269 271 2326 dum
285 2272 384 2326 tamen
400 2271 531 2342 potestas
544 2266 574 2324 in
588 2264 753 2325 hierarchia
763 2264 875 2326 ordinis
886 2266 993 2324 collata
1008 2266 1104 2325 amitti

99 2353 208 2427 amplius
221 2373 281 2416 non
304 2355 411 2432 possit,
428 2363 458 2415 et
474 2355 524 2414 illa
541 2372 558 2416 e
577 2371 723 2414 converso
737 2370 880 2414 concessa
894 2353 925 2412 in
938 2353 1104 2414 hierarchia

97 2439 291 2513 jurisdictionis
307 2445 399 2521 possit
412 2442 557 2516 revocari,
574 2443 716 2520 sequitur,
732 2459 899 2516 censuram,
913 2449 942 2502 61
955 2445 1053 2518 legem
1066 2443 1104 2502 ab

99 2531 230 2610 Episcopo
253 2535 452 2603 schismatico,
466 2533 514 2592 vel
531 2533 671 2593 haeretico
691 2533 782 2592 latam
800 2548 866 2591 esse
884 2532 1020 2592 absolute
1039 2534 1105 2592 nul-

99 2617 164 2694 lam,
180 2624 246 2698 quia
258 2625 323 2700 ipse
336 2640 390 2699 per
405 2623 544 2694 schisma,
560 2632 611 2681 aut
628 2622 766 2681 haeresim
782 2621 820 2680 ab
834 2619 1000 2681 hierarchia
1015 2621 1106 2696 juris-

99 2706 219 2770 dictionis
232 2712 357 2784 cacidit3
375 2713 448 2771 dum
461 2727 596 2771 summus
617 2710 752 2771 Pontifex
770 2710 880 2769 nedum
898 2710 981 2769 illum
996 2709 1106 2785 repulit

99 2797 249 2875 adioecesi,
263 2802 317 2861 sed
331 2807 360 2860 ct
373 2801 412 2860 ab
425 2801 565 2859 universa
578 2799 725 2860 Ecclesia:
740 2794 812 2858 ilem
826 2797 969 2874 sequitur,
985 2797 1105 2856 ordina·

98 2883 194 2948 tionem
213 2896 366 2965 peractam
383 2890 421 2948 ab
439 2889 587 2964 Episcopo
605 2887 803 2960 schismatico,
818 2890 867 2948 vel
881 2885 1020 2946 haeretico
1039 2902 1105 2944 esse

98 2975 219 3050 validam,
237 2979 307 3039 licet
321 2977 476 3038 exitialiter
488 2977 693 3038 detestabilem
706 2994 742 3037 eo
757 2978 837 3053 quod
856 2974 1104 3053 perhorrendum

99 3063 258 3140 schismatis,
278 3069 326 3128 vel
349 3067 470 3126 haeresis
493 3067 607 3126 crimen
631 3083 729 3142 neque
752 3066 859 3127 cecidit
881 3067 919 3126 ab
941 3062 1106 3124 hierarchia

98 3153 206 3225 ordinis,
219 3174 317 3232 neque
328 3156 529 3232 episcopalem
542 3157 747 3216 characterem
762 3155 867 3228 amisit,
880 3155 931 3232 qni
944 3171 998 3232 per
1010 3170 1105 3214 sacra·

98 3249 216 3304 mentum
230 3246 284 3304 luit
297 3245 338 3305 illi
351 3245 490 3305 divinitus
501 3253 531 3304 61
541 3245 760 3306 immutabiliter
772 3247 944 3322 impressus.

127 3335 182 3392 tlt.
202 3339 339 3393 Summus
350 3334 523 3394 hierarchiae
538 3333 650 3394 ordinis
661 3336 772 3410 gradus
784 3336 910 3395 habetur
918 3335 947 3394 in
959 3334 1106 3411 Episcopo

99 3431 176 3491 quem
196 3430 361 3498 sequuntur
382 3423 560 3498 Presbyteri,
583 3429 613 3483 et
637 3423 772 3484 ministri.
794 3425 958 3500 Episcopus
986 3423 1124 3500 quidem·

99 3513 223 3582 respectu
234 3511 272 3572 ad
286 3511 423 3572 ordinem
436 3513 474 3572 ab
490 3511 662 3575 innocentio
674 3518 710 3574 111
731 3516 772 3586 (1)
794 3513 958 3588 appellatur
971 3530 1104 3576 summus
