2468 4090
518 249 678 303 -tttt-

66 367 241 444 disciplina,
256 375 287 428 et
300 385 340 430 ex
350 368 419 445 jure
433 368 545 445 scripto
563 387 569 428 :
591 385 661 428 nem
681 367 846 428 Alexander
861 371 909 442 lll,
925 367 1101 428 l‘etriercbae

67 457 345 534 Hierosolymiteuo
363 458 498 518 scribens
520 457 561 517 ite
580 457 702 517 eiebet:
727 457 813 518 Novit
836 465 893 517 tue
920 457 1101 517 discretionis

68 547 247 622 prudentia,
271 547 399 624 qualiter
423 554 466 616 ta,
490 553 517 607 et
534 549 646 623 fratros
666 546 710 606 tui
731 561 830 605 unum
847 563 951 622 eorpus
969 547 1043 620 sitis,
1059 546 1103 606 ito

67 636 150 711 pred
173 642 207 695 te
219 643 317 712 eaput,
339 643 365 695 et
383 635 431 694 itti
444 635 577 696 membra
596 651 655 694 esse
676 633 847 711 probantur.
861 667 898 677 —
910 635 1104 695 liotornitoti

69 731 129 783 tuae
145 726 346 794 moereamus,
360 732 506 800 quatenus
518 725 552 784 in
572 723 803 784 wacessioeibus
823 729 851 782 et
869 721 1103 799 confirmationi-

68 812 135 886 bus,
152 819 181 872 ot
194 811 263 872 aliis
271 811 405 872 Ecclesia⁰
420 820 476 872 tue
490 813 622 889 nopotiis,
632 814 744 888 fratres
758 819 824 871 tuor
837 812 983 887 requiras,
992 819 1021 872 et
1034 828 1103 872 cem

68 917 180 960 eorum
192 899 324 971 certatio,
339 900 385 960 oet
404 901 533 960 scabris
553 901 660 978 portis,
675 900 777 960 eodem
797 915 921 976 peropus
937 907 966 959 et
985 907 1102 976 pertra-

69 998 140 1062 ctes,
157 997 186 1048 et
199 1005 263 1066 pue
276 989 436 1049 statuenda
453 997 525 1049 suaet
538 997 666 1064 statuas,
682 997 710 1050 et
724 993 826 1050 errata
839 988 979 1065 εοπίραε,
989 996 1016 1049 et
1029 987 1104 1050 cael-

70 1077 165 1138 londo
176 1076 296 1154 dissipes
309 1085 337 1137 et
351 1073 457 1138 evellas
471 1081 523 1151 (t).

101 1243 140 1308 (l)
154 1243 222 1308 Cep.
236 1243 260 1302 i.
275 1242 309 1295 de
322 1243 357 1294 iis
374 1257 436 1309 ques
451 1242 520 1294 dunt
537 1256 555 1295 a
574 1243 684 1295 Prtelat
702 1269 733 1281 -
747 1244 781 1309 (l)
798 1244 865 1310 Δις.
879 1242 945 1309 Cap.
963 1242 1000 1306 ii,
1016 1242 1050 1296 de
1063 1245 1104 1296 te·

71 1317 154 1366 stam.
169 1315 235 1366 Ideo
249 1314 284 1366 ed
299 1315 358 1379 pies
375 1313 547 1367 fundationes
559 1314 588 1366 in
602 1313 757 1367 Getbedrali
771 1315 941 1382 recipiendas
956 1313 1104 1379 requiritur

73 1399 226 1438 consensus
240 1386 376 1450 Episcopi,
387 1390 414 1438 et
427 1385 554 1453 Capituli.
571 1387 775 1438 Scerlentanius
789 1401 817 1453 p.
831 1387 853 1444 l,
868 1384 952 1437 decis.
970 1386 1012 1437 29.
1025 1411 1056 1422 -
1067 1385 1104 1451 (3)

73 1458 142 1508 Post
155 1456 227 1508 benc
238 1457 398 1509 diuisionem
410 1457 564 1524 Capitulum
575 1458 715 1510 constituit
725 1471 824 1524 corpus
836 1463 990 1521 separatum
1001 1476 1008 1507 z
1021 1456 1105 1508 hebet

73 1529 188 1590 statuta,
202 1535 231 1579 et
252 1529 370 1594 insignia
385 1529 515 1595 proprie:
538 1528 721 1588 hubethone,
746 1535 774 1582 et
798 1527 886 1579 cilicie
911 1527 1103 1593 particularia:

74 1597 160 1650 hebet
173 1598 324 1664 studieum,
339 1606 366 1650 et
378 1599 497 1663 sigillum
512 1599 662 1666 proprium,
684 1603 833 1652 conventus
849 1597 913 1663 agit,
928 1603 955 1650 at
968 1597 1105 1650 delibera-

75 1668 166 1721 tiones
180 1671 271 1720 sumit.
287 1669 379 1734 Soglie
393 1669 461 1721 Inst.
473 1671 531 1736 jur.
551 1670 620 1734 priv.
636 1671 649 1735 ξ
663 1671 703 1722 52.
724 1697 755 1709 -
767 1670 804 1736 (i)
817 1669 912 1735 cept
930 1671 959 1722 et
976 1670 991 1720 i
1007 1669 1041 1721 de
1060 1669 1104 1734 iis,

76 1753 138 1806 quae
153 1740 223 1792 liunt
235 1753 252 1792 e
264 1740 373 1792 Praelet.

112 1945 179 2002 tes.
199 1945 263 2002 lloc
278 1942 492 2004 canonicorum
506 1942 671 2018 consilium,
694 1943 776 2020 quod
798 1942 887 2004 debet
909 1941 1106 2019 Episcopusa

78 2045 135 2089 suo
162 2031 295 2106 Gepitulo
312 2031 465 2108 requIrere
484 2031 525 2092 illi
537 2031 638 2092 divino
652 2031 767 2092 monito
780 2037 826 2092 est
839 2031 1041 2107 consentiens,
1056 2029 1107 2090 ubi

79 2117 209 2179 dicitur:
225 2119 292 2192 titt,
305 2121 368 2180 sinc
382 2121 502 2180 coasilio
515 2120 593 2181 nibil
604 2122 710 2197 socios,
724 2129 751 2181 et
764 2129 830 2197 port
842 2123 958 2197 fortem
971 2137 1034 2181 non
1045 2137 1106 2198 pm·

79 2207 185 2268 nitebis
196 2213 248 2282 (l).
265 2209 322 2268 Sed
335 2209 395 2268 hoe
406 2209 505 2286 ipsum
518 2209 676 2270 consilium
686 2209 778 2270 modo
787 2209 929 2286 importat
941 2209 1107 2285 simplicem

80 2295 341 2370 consultationem,
356 2298 449 2357 modo
463 2314 653 2359 consensum.
669 2298 700 2358 Si
711 2297 851 2375 primum,
873 2303 992 2358 tenetur
1014 2314 1106 2373 expe-

82 2389 156 2457 tere,
167 2384 221 2445 sed
231 2402 292 2444 non
301 2386 418 2460 cogitur
425 2385 590 2464 Episcopus
600 2385 724 2462 capituli
734 2386 890 2447 consilium
900 2385 999 2461 sequi;
1010 2401 1109 2461 neque

80 2471 195 2533 idcirco
218 2481 264 2534 est
287 2491 565 2550 supervacaneum:
584 2492 653 2534 nam
673 2476 797 2552 prodest
814 2475 852 2534 ed
866 2490 990 2535 causam
1003 2473 1109 2534 melius

82 2563 334 2638 cognoscendam,
344 2570 376 2624 et
384 2565 421 2623 ed
431 2564 656 2640 prejudicatum
667 2565 862 2625 evertendum
872 2563 1027 2641 judicium,
1039 2579 1109 2626 cum
1189 2590 1191 2596 ·

79 2650 167 2725 juxta
176 2652 257 2727 vulgi
270 2653 417 2728 adagium,
423 2653 494 2730 ples
505 2654 623 2713 videam
632 2653 720 2727 oculi,
730 2671 821 2730 quom
829 2654 942 2713 oculus.
955 2653 984 2714 sl
999 2669 1107 2713 secun-

83 2738 166 2813 dum,
184 2740 347 2819 Episcopus
366 2747 484 2802 tenetur
501 2749 654 2817 expetere,
670 2749 701 2802 et
715 2742 799 2817 sequi
812 2741 936 2818 capituli
950 2739 997 2800 sui
1009 2740 1109 2801 consi·

84 2827 157 2886 lium
171 2847 179 2886 t
194 2831 335 2890 namhoc
349 2848 421 2890 casu
441 2830 570 2907 pertinet
589 2831 627 2890 ed
645 2830 839 2890 substantiam
859 2835 945 2890 ectus
963 2830 1013 2890 ille
1036 2847 1108 2890 con-

84 2932 202 2989 sensus,
227 2917 289 2979 sive
314 2920 363 2978 ifle
388 2919 575 2996 approbatio,
603 2937 692 2996 quem
715 2919 804 2980 debet
825 2918 991 2995 Episcopus
1013 2937 1031 2978 e
1054 2935 1109 2979 suo
1226 2985 1227 2988 ,

86 3005 218 3081 capitulo
233 3006 377 3070 obtinere.

119 3099 191 3155 ture
204 3096 399 3156 decretalium
412 3099 513 3173 plures
535 3104 605 3158 sunt
627 3115 716 3158 cesus
740 3101 793 3170 (ξ),
811 3097 843 3156 in
857 3097 966 3173 quibus
977 3097 1111 3173 episcopi

86 3181 225 3243 debente
239 3185 368 3261 capitulo
388 3202 444 3245 suo
460 3189 509 3246 vel
523 3186 677 3247 eonsilium
690 3185 854 3262 requirere,
866 3187 915 3244 rel
928 3202 1110 3246 consensum
1225 3219 1226 3224 κ

86 3270 231 3331 obtinete.
255 3275 312 3334 Sed
333 3275 468 3334 moribus
490 3275 641 3336 hodiernis
667 3292 773 3335 eorum
799 3275 996 3335 resolutiones
1023 3275 1110 3351 praxi

86 3354 246 3434 contraria,
260 3364 307 3422 vel
320 3363 409 3424 tacite
421 3381 607 3425 summorum
620 3364 793 3424 Pontificum
806 3363 1026 3440 dispensatione
1040 3379 1110 3423 rero
1225 3393 1226 3440 3

86 3447 301 3525 observentur,
320 3453 413 3513 imme
431 3471 491 3515 nou
513 3456 630 3527 desunt,
656 3454 707 3530 qui
719 3453 829 3524 dicent,
844 3453 960 3512 titulum
974 3444 1113 3514 Decreta-
1173 3459 1179 3464 '

87 3541 159 3600 lium
178 3542 218 3602 Do
239 3543 286 3616 iis,
306 3561 369 3620 qua
388 3545 467 3618 fimet
489 3561 508 3603 u
529 3545 663 3603 Pretotis
681 3545 744 3603 sinc
766 3559 909 3603 consensu
932 3541 1054 3619 capituli
1071 3541 1111 3600 eb
1225 3555 1226 3582 t

88 3633 155 3691 aula
165 3632 337 3693 recessisse.
359 3633 416 3693 Sed
431 3649 521 3711 quem
537 3631 710 3710 insipienter
723 3632 753 3693 id
764 3631 898 3694 effutient
912 3631 1043 3708 quidem,
1055 3647 1112 3708 pe·
