2468 4090
635 205 795 264 ..200-

194 329 349 382 contineant
363 327 473 382 nomina
485 327 606 380 omnium
619 325 846 391 concurrentium,
857 338 1003 378 numerum
1012 325 1152 386 votorum,
1166 334 1219 389 qua

196 402 371 467 requiruntur
384 415 433 467 pro
447 399 651 468 approbatione,
665 413 806 450 numerum
816 401 940 450 votorum
954 397 989 448 ab
1002 408 1173 463 unoquoque
1181 395 1232 466 ιιι-ι

195 476 340 535 tentorum,
353 475 380 524 et
391 477 482 524 notam
495 475 648 522 accuratam
664 469 834 536 qualitatum,
847 475 874 522 et
886 469 1083 536 requisiturum
1098 479 1149 534 pro
1159 479 1218 518 uno·
1231 479 1232 516 1

193 555 301 610 quoque
315 543 544 596 concurrentium.

228 748 291 806 199.
310 750 418 806 verum
430 745 533 822 regula
545 744 685 806 limitatur
700 743 731 804 in
753 742 871 805 casibus
884 760 903 802 a
914 742 983 819 J'ure
1000 741 1216 818 reservatis,in

196 834 304 911 quibus
326 833 507 909 capitulum,
527 835 651 911 ejusque
671 832 802 892 vicarius
823 831 965 908 episcopo
983 849 1047 892 non
1073 830 1215 904 succedit,

188 939 322 1001 quorum
336 922 480 1000 praecipni
492 929 561 984 sunt
584 928 753 1000 sequentes.
774 921 874 982 Primo
890 921 1023 982 vicarius
1045 919 1215 997 capitularis

193 1011 295 1090 nequit
307 1012 452 1073 beneficia
466 1014 614 1087 conferre,
634 1029 701 1090 qnoe
714 1012 752 1072 ad
766 1011 857 1071 solius
873 1009 1006 1088 episcopi
1028 1009 1215 1070 collationem

191 1107 330 1179 spectant
349 1106 401 1175 (l),
423 1101 492 1162 lieet
506 1107 594 1178 queat
606 1108 802 1200 praesentatos
818 1100 985 1176 apatronis
1008 1099 1039 1159 in
1064 1099 1215 1160 beneflciis

188 1190 440 1268 jurispatronatus
460 1190 615 1251 instituere
637 1193 688 1264 (2),
711 1189 780 1266 quia
798 1189 917 1249 collatio
931 1189 970 1248 ad
983 1188 1110 1263 gratiam
1128 1189 1233 1278 porti·

191 1286 252 1354 net,
267 1296 334 1357 quae
348 1279 525 1358 generaliter
539 1278 708 1339 estl'icario
722 1277 878 1355 capitulari
889 1277 1055 1351 interdicta,
1071 1259 1233 1338 institutio
1232 1317 1233 1346 ι

190 1385 264 1429 vero
278 1368 482 1446 adjustitiam,
501 1385 569 1445 quaa
587 1366 660 1428 nulli
677 1374 724 1429 est
747 1367 932 1448 deneganda.
952 1366 1092 1428 Secundo
1113 1367 1233 1443 nequit
1232 1405 1233 1444 ,

189 1473 240 1518 res
252 1457 400 1530 Ecclesiae,
416 1463 468 1517 aut
481 1457 671 1533 episcopatus
692 1455 832 1530 aienare,
855 1455 912 1516 nisi
934 1456 972 1516 de
991 1456 1085 1516 rebus
1097 1463 1211 1532 agatur,
1232 1455 1233 1534 ff

190 1562 257 1622 quat
269 1545 417 1606 servando
430 1545 543 1606 servari
556 1562 618 1606 non
630 1550 757 1621 possunt
770 1549 822 1619 (3),
838 1551 868 1604 et
880 1562 899 1604 a
909 1545 1024 1604 fortiori
1037 1544 1144 1621 nequit
1158 1562 1212 1604 aas

189 1633 259 1693 dem
272 1649 321 1693 res
333 1634 362 1692 ιιι
379 1650 461 1707 suco,
476 1640 528 1693 aut
541 1633 662 1710 capituli
683 1651 755 1693 usus
771 1639 955 1694 convertere.
977 1638 1144 1710 Propterea
1165 1634 1211 1693 de·

188 1722 240 1782 bet
252 1721 352 1782 omnia
369 1724 580 1798 emolumenta,
596 1730 626 1783 et
640 1738 846 1798 quoscumque
858 1722 992 1782 redditus
1005 1739 1045 1782 ex
1058 1721 1209 1799 episcopa-

188 1816 231 1884 tu,
254 1817 285 1870 ct
304 1827 344 1871 ιιι
363 1809 580 1887 jurisdictione,
602 1829 640 1871 ac
657 1810 752 1887 sigillo
773 1811 863 1871 curiae
885 1810 1097 1887 provenientes
1114 1811 1209 1871 futuro

187 1897 331 1975 episcopo
350 1916 517 1975 reservare,
535 1901 584 1960 cui
602 1917 642 1961 ox
658 1901 796 1960 conlecto
818 1899 983 1959 inventario
1002 1915 1057 1959 suo
1080 1905 1209 1976 tompore

188 1987 334 2048 rationem
355 1989 460 2049 reddat
481 1993 532 2060 (ι).
555 1989 652 2049 Tertio
673 1988 776 2064 nequit
793 1987 903 2065 aliquid
921 1989 1032 2062 iacere,
1054 2001 1111 2065 par
1133 1989 1208 2066 quod

186 2082 280 2136 status
296 2076 444 2151 Ecclesiae,
465 2084 517 2137 aut
536 2079 604 2154 jura
624 2077 825 2138 diminuantur
844 2076 989 2154 episcopi;
1005 2077 1098 2136 immo
1115 2078 1162 2138 his
1175 2079 1207 2138 de

187 2165 278 2225 rebus
296 2165 402 2241 nequit
420 2165 502 2227 litem
524 2182 657 2240 movero,
681 2173 732 2227 aut
746 2165 887 2243 persequi
908 2167 970 2242 jam
992 2173 1119 2240 mamm,
1143 2183 1207 2226 nam

186 2255 324 2331 quaelibot
345 2255 416 2315 inda
445 2261 572 2315 ventura
593 2255 765 2331 dispositio,
787 2262 837 2315 out
855 2255 1002 2315 sententia
1020 2257 1099 2316 foret
1120 2257 1205 2330 nola,

186 2341 257 2418 quia
271 2343 430 2419 episcopus
441 2344 558 2404 iuturus
571 2344 703 2420 legitimo
723 2350 806 2404 caret
822 2343 993 2417 defensore,
1014 2351 1049 2404 ut
1070 2345 1205 2422 probatur

186 2447 226 2490 ex
241 2438 303 2491 toto
314 2431 398 2492 titulo
413 2433 619 2507 Decretalium,
639 2450 678 2493 ne
691 2434 754 2495 sed.
771 2451 836 2494 vac.
849 2433 919 2510 aliq.
934 2433 1036 2494 innov.

221 2519 356 2580 Officium
375 2511 481 2582 vicarii
500 2521 670 2598 capitularis
688 2528 798 2597 cessat,
815 2538 885 2582 cum
898 2528 1116 2599 presentantm
1130 2522 1201 2599 capi-

185 2609 248 2668 tulo
259 2609 330 2668 novi
344 2608 479 2688 episcopi
492 2611 664 2687 apostolica
678 2611 794 2672 Littera
807 2610 987 2688 provisionis
1002 2616 1054 2685 (5),
1065 2619 1096 2673 et
1107 2619 1202 2689 postea

184 2695 249 2774 ipse
263 2697 352 2759 debet
371 2715 433 2759 suae
456 2699 718 2781 administrationis
737 2699 869 2762 rationes
882 2717 962 2762 novo
982 2702 1125 2780 episcopo
1139 2700 1200 2762 red·

184 2785 266 2860 dere,
284 2793 315 2848 et
328 2787 429 2848 subire
442 2788 631 2865 syndicatum
646 2792 697 2862 (6).

213 2958 250 3025 (l)
264 2959 331 3026 cap
345 2960 370 3024 2,
384 2974 419 3013 ne
433 2961 490 3014 sad.
505 2975 563 3014 vac.
586 2961 660 3028 quod
680 2976 775 3016 verum
790 2966 832 3017 est
844 2964 945 3017 nodum
961 2964 995 3018 de
1009 2963 1146 3017 beneflciis
1156 2975 1196 3013 ou·

182 3030 258 3094 ratis,
274 3031 417 3084 sedetiam
438 3033 472 3086 de
492 3033 674 3099 simplicibus
693 3061 725 3074 -
738 3036 774 3102 (2)
787 3035 852 3102 Gap.
870 3037 939 3100 l,de
952 3035 1037 3088 instit.
1051 3035 1155 3086 in6.-
1165 3032 1195 3096 (3)

181 3101 246 3153 Can.
266 3103 297 3153 ι2
315 3105 343 3153 et
360 3103 401 3168 ιι,
421 3118 445 3155 c.
470 3104 508 3169 12,
529 3119 555 3170 q.
578 3105 602 3156 2.
627 3104 704 3168 Quod
718 3106 832 3159 dicimus
845 3107 878 3159 de
892 3108 985 3171 rebus
999 3121 1062 3173 quae
1076 3103 1193 3158 servando

181 3173 286 3224 servari
299 3187 352 3225 nou
363 3179 486 3241 possunt,
500 3175 644 3227 dicendum
658 3181 700 3228 est
713 3179 746 3229 de
760 3179 842 3230 rebus
855 3179 994 3244 Ecclesiae,
1008 3193 1070 3244 qum
1083 3188 1192 3242 compre·

180 3242 338 3295 hendnntur
361 3246 412 3297 suh
425 3247 542 3316 capitulo
559 3246 683 3302 Τιιιιιιαι
695 3250 735 3312 53,
752 3264 776 3302 c.
793 3251 831 3314 12,
846 3263 872 3316 q
885 3252 910 3303 2.
925 3251 959 3302 Ει
972 3219 1043 3302 iiam
1059 3249 1192 3302 secundum

180 3314 359 3367 Marchettum
380 3316 525 3370 dicendum
548 3323 598 3382 est,
622 3322 730 3385 quando
753 3323 842 3404 agitur
860 3322 895 3374 <le
917 3336 1016 3406 magna
1035 3320 1190 3380 necessitato,

179 3385 209 3435 in
223 3398 278 3452 qua
295 3386 450 3452 Capitulum
465 3394 555 3453 potest
567 3396 688 3442 mutuam
710 3394 851 3460 pecuniam
871 3393 1002 3460 accipere.
1019 3395 1059 3445 De
1077 3393 1131 3445 llio.
1145 3390 1189 3440 Ca·

179 3455 229 3520 pit.
247 3470 275 3520 p.
293 3458 318 3521 2,
334 3465 352 3508 ι.
368 3458 456 3509 27-
426 3460 513 3525 -ι()
534 3461 616 3512 clem.
638 3457 780 3516 Stolutom
798 3465 832 3517 de
848 3464 969 3516 elect.-
942 3466 1019 3530 -(5)
1033 3457 1189 3517 Extremit-

176 3527 277 3592 juncta
287 3527 320 3578 de
331 3528 408 3580 elect.
423 3529 469 3580 int.
487 3545 555 3582 com.
569 3557 602 3569 -
612 3533 647 3595 (6)
662 3531 728 3594 Quae
741 3534 785 3586 hio
799 3534 832 3588 de
846 3535 955 3588 Vioario
968 3534 1111 3603 capitulari
1123 3544 1187 3583 sum·

179 3597 273 3648 metim
287 3599 470 3662 exposuimus,
485 3599 514 3652 in
526 3601 579 3654 olio
592 3606 685 3697 nostro
699 3604 808 3674 scripto,
824 3605 866 3660 oui
884 3606 988 3672 titulus,
1000 3604 1090 3674 Brevis
1101 3598 1186 3661 ihwll'·
