2566 4102
575 227 699 284 ..ss-

125 354 228 406 indicis
254 355 282 406 in
304 352 440 405 decisione
467 351 625 416 questionis
645 351 716 402 cirea
733 349 1002 404 iiaditt'onaiismum
1019 350 1064 403 die
1079 349 1095 401 i
1110 349 1155 404 de-

124 427 212 485 cemb.
238 425 307 490 1855,
328 437 404 492 prop.
430 425 452 476 l.
474 423 570 490 Neque
594 422 685 474 diviua
708 422 835 474 revelatio
856 422 1000 488 subjicitur
1026 421 1155 476 humana

125 497 239 551 rationis
254 495 455 563 progressioni;
468 508 531 546 nam
546 494 641 546 eadem
657 507 764 558 semper
780 496 945 560 perseverat,
962 507 1051 560 neque
1064 496 1156 564 potest

123 569 153 621 iu
165 570 255 634 aliquo
270 568 380 628 mutari,
400 571 431 617 ut
444 566 612 617 demonstrat
627 564 786 617 Vincentius
800 565 949 616 Lirinensis
967 565 997 615 in
1008 579 1057 616 suo
1072 565 1153 617 Gom·

123 640 264 700 meritorio,
282 640 329 704 qui
346 639 462 690 libenter
477 637 596 689 admittit
616 649 788 702 progressum
806 636 836 687 in
853 636 914 699 fide,
931 635 968 686 ita
991 638 1022 686 ut
1035 635 1155 702 amplifi-

124 717 200 766 catur
212 713 239 761 in
253 723 302 762 suo
319 710 451 775 dogmate,
466 711 494 759 in
508 708 602 760 eodem
619 721 709 769 seusu,
724 713 752 757 et
763 706 790 756 in
804 707 898 758 eadem
912 708 1061 768 sententia3
1072 709 1155 772 negat

123 788 214 835 tamen
236 782 470 849 permutationem,
492 783 539 831 aut
557 779 659 844 aliquid
680 792 713 829 ex
736 778 789 829 alio
807 779 836 828 iu
859 777 933 829 aliud
956 781 1152 836 transversum,

122 869 151 906 n.
167 855 207 917 28,
223 855 254 905 ia
268 857 295 904 et
315 853 354 904 30.
375 880 406 890 ·-
428 852 463 915 (3)
483 851 526 902 Ad
540 850 650 902 Hebrae.
664 848 688 900 7.
705 873 736 886 -
747 847 783 915 (f)
796 849 885 900 Potuit
897 849 1015 914 profecto
1030 848 1155 900 Ecclesia

122 925 246 990 quaedam
257 924 356 974 veteris
370 923 439 987 legis
445 922 591 993 judicialia
603 927 630 972 et
647 919 844 972 caeremonialia
858 923 995 987 praecepta
1009 920 1152 985 suscitare,

122 996 201 1048 ruodo
227 1009 280 1046 nou
295 998 385 1046 essent
406 993 505 1059 typica,
526 993 569 1044 vel
590 991 790 1058 praeflgurstiva
805 991 913 1042 venturi
935 991 1058 1051 Messiae3
1076 1004 1152 1054 nam,

123 1067 281 1119 adveniente
297 1066 353 1117 sole
366 1065 497 1129 veritatis,
521 1078 575 1115 non
590 1065 679 1130 potest
693 1061 808 1128 amplius
821 1063 936 1114 existere
956 1063 1060 1124 umbra,
1078 1066 1106 1112 et
1120 1062 1151 1113 fi-

122 1151 198 1202 gura.
214 1137 341 1189 Gouzalez
355 1138 387 1188 de
399 1139 486 1188 const.
500 1149 558 1198 cap.
572 1136 597 1197 i,
613 1149 641 1184 n.
658 1133 696 1185 li.
718 1133 897 1184 Nihilominus
914 1132 1045 1198 quosdam
1060 1147 1093 1184 ex
1107 1133 1152 1184 his

121 1209 228 1271 ritibus,
241 1209 326 1260 donec
339 1207 513 1271 Evangelium
535 1207 604 1257 foret
618 1205 781 1256 sufficienter
794 1206 1004 1269 promulgatum,
1022 1205 1056 1255 ab
1072 1204 1151 1256 initio

121 1280 243 1331 Ecclesia
255 1279 388 1342 adhibuit,
402 1282 433 1330 ut
445 1282 725 1344 mortuasynoqopua,
739 1279 770 1326 ui
784 1276 823 1327 ait
838 1276 871 1327 D.
886 1276 1087 1338 Thamascani
1101 1273 1151 1328 ho·

120 1362 185 1403 aare
197 1350 361 1418 sepeliretur.
377 1350 471 1402 Devoti
488 1350 555 1400 Inst.
569 1349 633 1401 Can.
648 1349 676 1399 iu
692 1347 798 1413 proleg:
810 1361 834 1399 c.
850 1348 874 1412 3,
891 1348 904 1411 i
917 1347 958 1412 ³3,
972 1347 1000 1398 in
1013 1350 1070 1399 not.

153 1569 181 1623 t.
200 1566 252 1621 lus
269 1562 432 1620 humanum
445 1579 463 1619 a
476 1559 624 1637 supremis
637 1559 822 1637 Principibus
834 1578 873 1620 ex
887 1560 1021 1634 rationis,
1032 1561 1148 1636 jurisve

118 1650 260 1710 naturalis
281 1651 416 1710 consulto
444 1648 585 1723 sancitur,
608 1655 638 1709 et
656 1647 796 1708 dividitur
816 1649 846 1708 in
862 1649 1095 1722 ecclesiasticum,
1118 1657 1149 1710 et

118 1741 210 1801 cioita.
226 1745 277 1800 tus
294 1738 380 1800 civile
401 1739 439 1798 ad
456 1740 651 1815 temporalem
670 1739 699 1798 in
722 1739 809 1799 terris
823 1739 991 1799 felicitatem
1009 1739 1148 1798 obtinen-

118 1830 188 1889 dam
202 1827 406 1900 constituitur3
417 1829 466 1904 jus
481 1845 553 1887 vcro
565 1826 800 1888 ecclesiasticum
812 1829 851 1887 ad
862 1835 1006 1888 aeternam
1015 1829 1044 1888 in
1060 1828 1148 1888 coelis

117 1916 298 1990 beatitatem,
316 1923 346 1976 et
366 1918 561 1991 temporalem
580 1917 610 1976 in
629 1917 909 1978 terris-felicitatem
927 1917 1148 1993 assequendam

118 2005 262 2082 dirigitur.
295 2005 382 2064 llixta
414 2005 513 2080 itaque
543 2012 589 2065 est
614 2004 848 2082 jurisprudentia
873 2005 1075 2067 ecclesiastica
1105 2023 1148 2066 ex

118 2113 204 2156 sacra
219 2094 376 2171 theologia,
384 2100 415 2154 et
426 2095 493 2170 jure
507 2093 600 2168 civili;
612 2101 642 2155 et
651 2094 749 2155 differt
757 2113 775 2154 a
784 2095 943 2172 theologia,
954 2095 1023 2171 quia
1032 2096 1097 2154 haec
1107 2095 1147 2156 de

117 2185 266 2260 dogmate,
279 2183 328 2243 illa
338 2183 376 2243 de
387 2183 543 2259 disciplina
557 2189 734 2260 pertractat,
750 2184 850 2244 differt
864 2203 881 2245 a
892 2186 961 2260 jure
973 2182 1060 2258 civili,
1075 2183 1148 2259 qrria

117 2273 175 2333 hoc
189 2274 395 2348 temporalem,
408 2271 457 2331 illa
470 2274 666 2349 temporalem
679 2279 708 2332 et
721 2280 864 2334 aeternam
873 2273 1042 2333 felicitatem
1054 2272 1156 2348 respi-.

116 2361 208 2438 picit:
225 2378 317 2437 quare
330 2360 427 2421 aicbat
445 2359 483 2421 de
501 2366 589 2435 Luca,
599 2360 743 2436 depictam
755 2363 819 2422 stoc
833 2362 991 2422 canonibus
1005 2363 1146 2438 imperfa-

116 2459 198 2511 ctwm
205 2450 338 2526 jadicem
352 2466 421 2519 6666,
437 2457 464 2509 ct
476 2450 663 2510 coeooistom
680 2451 743 2511 sinc
766 2451 872 2526 lepidae
891 2451 969 2512 nibil
983 2450 1099 2523 volere(
1121 2455 1145 2525 ),

117 2540 186 2616 quia
201 2557 241 2600 ex
255 2538 402 2598 sententie
417 2537 497 2598 Lucii
510 2543 596 2614 Papae
611 2543 648 2597 lll
659 2538 769 2600 :Sicuti
782 2539 855 2615 lopas
869 2556 931 2598 666
944 2539 1146 2614 dedipeorttttr

115 2645 216 2688 666666
229 2643 354 2688 cenaeos
362 2627 488 2698 imitari,
497 2627 540 2686 ito
551 2635 578 2686 at
588 2644 744 2688 6666666666
752 2629 891 2688 institute
900 2629 1144 2704 6666666666-

116 2717 214 2794 cipum
230 2715 481 2778 conciliationibus
494 2715 736 2792 adjuventurft).
748 2721 811 2777 lloc
822 2723 891 2778 autc
898 2734 995 2777 aevum
1004 2723 1145 2780 nostrum

116 2806 243 2866 feliciter
258 2803 463 2878 usuveuiebat,
482 2821 552 2865 cum
567 2806 615 2881 jus
634 2805 870 2867 ecclesiasticum
884 2813 914 2866 et
930 2806 1016 2866 civile
1028 2807 1143 2867 amicas

117 2895 227 2956 debant
240 2893 296 2956 sibi
315 2910 422 2955 manus
436 2894 474 2954 ad
486 2895 643 2954 ecclesiam
657 2901 687 2954 at
701 2895 874 2955 societatem
891 2895 1065 2968 fovendam
1087 2896 1143 2955 sed

115 2985 175 3044 hoc
188 2983 356 3046 tristissimo
377 2989 512 3059 ternpore
534 2983 616 3060 leges
639 2983 769 3044 civilesa
783 2985 922 3044 damnato
937 2981 1142 3044 rationalismo

115 3072 282 3134 informatae
296 3070 453 3133 ecclesiam
475 3079 504 3132 et
520 3072 694 3133 societatem
711 3074 885 3134 subvertere
904 3073 1048 3147 nituntur,
1068 3071 1144 3134 dum

112 3163 260 3224 rationem
273 3163 434 3222 humanam
448 3160 585 3238 religioni
600 3162 739 3224 divinitus
750 3163 889 3224 revelatae
902 3163 1095 3236 substituunt,
1109 3167 1143 3222 et
1171 3165 1189 3198 0

113 3267 232 3314 marum
246 3250 400 3313 scientiam
415 3267 451 3326 aa
465 3249 582 3311 civilem
601 3251 744 3327 justitiam
757 3270 774 3311 a
788 3252 855 3327 lege
872 3250 972 3311 diviua
993 3256 1022 3312 et
1040 3250 1141 3310 eccle·

112 3339 230 3402 siastica
250 3338 502 3416 independentem
526 3339 647 3400 omnino
668 3340 779 3402 faciunt
800 3345 856 3416 (3);
878 3341 960 3418 quod
985 3353 1141 3417 uunquam

113 3430 250 3490 feceruut
264 3427 321 3503 ipsi
334 3426 454 3504 Pagani.

148 3522 211 3578 lloc
225 3516 460 3578 ecclesiasticum
469 3517 519 3593 ius
532 3515 596 3578 aliis
610 3535 730 3594 quoque
743 3519 912 3579 nominibus
930 3517 1139 3595 distinguitur:

112 3606 220 3686 dicitur
234 3623 340 3669 revera
352 3606 403 3684 jus
416 3604 601 3683 6666666666
613 3625 632 3668 6
644 3607 768 3672 summis
778 3607 980 3686 pontificibus,
995 3626 1014 3669 a
1027 3607 1138 3686 quibus
