2468 4090
518 269 681 326 -219-

122 389 160 456 (l)
174 389 246 443 Hinc
263 389 359 442 Sixtus
378 387 404 442 V
421 387 577 454 declaravit,
588 392 703 456 Juvenes
716 403 771 444 non
785 403 846 443 esse
858 391 887 441 in
900 389 1042 456 Religiona
1053 391 1121 443 mci-

90 460 216 528 picndos,
230 462 285 513 nisi
299 463 465 530 compertum
478 461 522 525 sit,
536 475 578 513 cos
591 473 676 526 mque
690 461 844 528 aliquorum
856 461 1014 526 criminum,
1028 461 1122 526 wolin

89 536 156 587 sunt
178 531 334 595 lemmata,
358 533 446 596 turta,
470 532 625 594 latrocinio,
645 533 687 585 cel
704 533 762 584 olio
779 533 891 594 similia,
914 535 963 586 aut
983 532 1121 596 memoro,

89 617 158 663 reos,
174 607 224 656 out
237 606 369 670 suspectos
382 603 502 662 asistere.
516 607 548 658 at
561 607 702 668 propterca
715 603 842 656 damnati
855 604 920 667 sint,
933 606 982 656 out
994 617 1029 656 nc
1042 602 1121 655 dom·

89 679 194 727 nentur
207 673 367 740 formident.
383 675 444 726 Bul.
463 673 527 728 (lum
549 674 581 727 de
601 674 734 726 omnibus.
750 674 826 736 Quod
841 675 900 726 ideo
914 677 1045 726 statutum
1058 673 1121 736 fuit,

89 760 126 796 ne
138 745 245 810 Religio
262 745 478 809 dedecoraretur,
493 750 521 798 et
530 761 564 798 ne
580 749 618 797 rci
632 760 741 798 causam
751 746 921 811 praetendsra
930 748 1043 806 possent
1057 759 1119 797 eva·

90 816 176 868 dandi
190 817 334 867 criminum
355 831 460 884 poenas.
478 845 505 854 —
531 819 565 882 (i)
588 818 623 867 lli
648 817 733 880 recipi
754 818 892 882 nequeunt
912 817 942 867 in
957 817 1080 881 clericos,
1094 819 1122 868 et

88 887 275 954 multomagis
290 889 318 938 in
333 889 486 940 monachos.
506 888 682 940 Ballienstuel
699 888 733 939 da
750 888 836 952 regul.
852 901 879 938 n.
893 888 933 940 ll.
947 917 978 927 -
997 887 1034 954 (3)
1048 889 1113 939 Can.

91 961 115 1023 l,
127 973 152 1011 c.
164 959 206 1022 20,
226 973 251 1025 q.
269 958 293 1018 2,
309 973 368 1024 esp.
385 961 400 1011 8
415 964 443 1010 et
459 960 474 1010 9
490 961 524 1011 de
538 960 624 1024 regul.
643 961 727 1010 Immo
747 973 779 1012 ex
798 960 935 1011 Clemente
955 960 1033 1022 VIII,
1046 962 1074 1010 et
1087 972 1122 1011 ex

88 1031 250 1082 Tridentino
263 1031 383 1082 minores
396 1045 528 1082 annorum
539 1031 675 1083 sexdecim
689 1031 884 1095 completorum
893 1044 949 1082 non
962 1035 1078 1095 possunt
1087 1030 1125 1081 sd

89 1101 289 1168 professionem
303 1102 456 1166 religiosam
471 1102 585 1153 admittl.
603 1103 675 1154 Sass.
699 1101 740 1165 25,
758 1115 782 1152 c.
806 1102 844 1165 15,
863 1102 896 1153 de
917 1102 1005 1167 regul.
1025 1101 1122 1167 Neque

90 1172 247 1224 Auctoritas
262 1173 350 1225 civilis
364 1178 454 1239 potest
466 1174 494 1224 in
508 1178 588 1226 aetata
602 1173 851 1226 monochordorum
867 1173 1014 1238 quidquem
1027 1171 1122 1223 lmmu·

2 1301 6 1306 ,
91 1249 161 1306 tere,
178 1247 210 1294 ut
225 1247 299 1310 patet
316 1259 349 1296 ex
369 1246 534 1312 propitiet
551 1247 591 1310 53,
606 1245 740 1297 damnatis
756 1245 785 1294 in
803 1243 913 1309 Syllcbo
925 1244 989 1295 unni
1005 1243 1073 1294 leet.
1090 1269 1123 1280 -

89 1317 127 1382 (t)
144 1315 240 1378 Quoad
253 1315 408 1380 illegitimos
422 1316 503 1368 hodie
517 1322 621 1368 tantum
637 1316 786 1382 prohibitio
801 1317 884 1380 viget,
898 1315 921 1366 si
935 1328 1030 1366 eoram
1041 1317 1121 1379 peter

88 1389 187 1440 vivens
196 1388 225 1437 in
237 1387 333 1439 eodem
347 1387 488 1453 Religicne
501 1389 640 1454 professus
653 1388 703 1450 sit;
713 1400 777 1437 ncm
789 1387 854 1438 licet
864 1385 957 1438 Sixtus
971 1385 1004 1445 V,
1019 1385 1048 1436 in
1061 1383 1119 1436 bul.

89 1461 136 1512 cit.
158 1458 325 1522 creligions
342 1459 534 1511 monachorum
552 1460 692 1524 rejecisset
714 1458 871 1524 illegitimos
892 1472 925 1508 ex
945 1457 1060 1517 incestu,
1075 1453 1118 1506 vel

90 1529 235 1594 sacrilegio
247 1534 412 1594 procreatos,
426 1531 527 1597 quibus
540 1535 645 1582 tautum
659 1531 819 1595 permiserat
833 1528 955 1580 habitum
965 1527 1122 1592 religiosum

89 1603 120 1653 in
133 1605 209 1654 stetu
223 1615 422 1666 conversorum,
437 1603 494 1654 sive
510 1601 670 1653 famulorum
684 1601 787 1667 absque
802 1614 850 1666 spe
867 1599 1006 1651 obtinendi
1015 1599 1121 1663 profes-

89 1675 207 1734 sionem,
221 1671 265 1724 vel
281 1673 390 1724 ordines
404 1674 485 1724 etiem
499 1673 635 1733 minoras3
657 1671 802 1738 Gregorius
820 1677 911 1722 umen
924 1671 999 1734 XIV,
1021 1669 1049 1719 in
1062 1667 1121 1719 bul.

91 1743 292 1808 Ot'rcutrupecto
304 1743 377 1796 hunc
390 1745 507 1810 rigorem
522 1745 692 1808 temperavit,
707 1756 818 1808 remque
833 1741 939 1794 reduxit
952 1741 986 1792 sd
1000 1739 1122 1791 tramites

87 1817 162 1882 juris
184 1813 345 1876 communis,
358 1817 437 1880 juxta
457 1817 528 1879 quod
552 1814 687 1878 illegitimi
709 1815 742 1864 ad
755 1813 912 1878 religionem
925 1813 963 1862 ita
975 1811 1120 1863 admittun-

89 1891 147 1950 tnr,
164 1889 194 1936 ut
213 1885 294 1936 etiam
316 1885 345 1935 ln
366 1885 406 1936 eis
427 1899 477 1950 per
496 1885 692 1950 professionem
710 1884 832 1935 delectur
851 1883 957 1933 macula
979 1881 1120 1943 natalium,

90 1958 167 2009 selvo
190 1961 278 2007 tamen
302 1956 432 2023 praedicto
452 1957 623 2020 ocsupctris
646 1959 674 2006 et
697 1955 745 2005 filii
766 1955 794 2004 in
816 1954 910 2006 eadem
930 1953 1068 2017 raligIone.
1090 1977 1123 1988 -

91 2030 124 2093 (5)
136 2029 175 2080 Ut
187 2031 250 2080 sunt
262 2029 336 2090 caeci,
349 2028 427 2085 muti.
448 2027 533 2090 surdi,
547 2027 631 2092 lepre,
646 2027 742 2078 morbo
756 2026 867 2090 caduco,
882 2028 929 2076 cut
944 2025 1041 2090 gallico
1054 2021 1121 2076 ulfe-

90 2101 138 2164 cti,
152 2104 180 2152 et
194 2114 288 2152 omnes
305 2099 415 2160 infirmi,
430 2100 477 2165 qui
490 2113 573 2150 onera
586 2099 725 2162 religionis
740 2098 877 2149 sustiuere
889 2099 1036 2162 nequeant.
1050 2094 1122 2146 Reif-

89 2171 209 2222 fenstuel
223 2172 273 2222 loc.
292 2172 336 2222 clt.
352 2185 379 2221 n.
395 2169 434 2222 ll.
448 2197 479 2208 —
499 2170 534 2234 (6)
553 2169 719 2220 Matrimonii
740 2168 917 2220 consummati
932 2167 1069 2218 duculum
1082 2167 1126 2217 ast

88 2242 295 2306 indissolubilo;
315 2243 430 2307 ideoque
452 2241 580 2306 prohibet
599 2243 775 2306 conjugctnm
797 2239 958 2290 monachum
976 2239 1044 2290 fieri.
1063 2238 1123 2289 Tot.

88 2314 131 2364 tit.
153 2313 187 2364 dc
200 2327 277 2365 conv.
292 2315 401 2379 conjug.
415 2340 445 2350 -
465 2312 501 2376 (l)
522 2313 602 2362 Tales
619 2317 683 2362 sunt
696 2311 816 2377 episcopi
831 2315 858 2361 et
870 2311 988 2375 majores
1000 2308 1122 2372 Praelsti,

88 2385 138 2450 qui
152 2385 255 2450 absque
269 2384 295 2435 S.
312 2385 390 2436 Sedis
404 2383 511 2435 licentia
525 2384 664 2448 nequeunt
674 2385 774 2433 statum
787 2381 972 2432 monachalem
985 2379 1121 2444 amplecti.

88 2457 158 2520 Cap.
174 2455 204 2505 10
217 2455 251 2505 de
264 2469 376 2506 renunc.
397 2454 486 2506 Aliter
495 2466 559 2504 vero
574 2452 747 2504 sentiendum
761 2451 795 2504 de
811 2451 965 2501 minoribns
974 2449 1121 2500 beneficie-

87 2527 134 2577 tis.
148 2526 213 2590 Cap.
233 2527 271 2588 18,
290 2525 324 2576 de
339 2525 425 2589 regul.
443 2524 489 2591 qui
502 2537 598 2575 verum
611 2537 666 2574 nou
682 2522 846 2574 contrahunt
862 2535 926 2572 cum
938 2535 987 2572 sua
1000 2520 1123 2572 Ecclesia

87 2597 265 2650 connubium.
287 2597 349 2647 Bul.
370 2593 412 2647 lle
434 2608 486 2661 quo
504 2594 618 2647 dilectos
631 2594 771 2645 Benedicti
785 2593 860 2645 XIV.
875 2619 906 2629 -
926 2591 1120 2656 (81Rctioest,

87 2669 200 2736 quiade
214 2674 358 2735 parentum
372 2667 472 2718 auxilio
485 2666 617 2717 hebemus
640 2667 689 2716 Dei
707 2669 885 2730 praeceptum,
899 2666 927 2714 et
941 2663 974 2716 de
991 2662 1120 2728 religione

85 2739 244 2791 monachali
262 2739 551 2804 suspriendatantum
565 2736 718 2788 consilium.
730 2737 794 2786 Can.
813 2735 835 2797 l,
849 2735 912 2786 dist.
928 2734 967 2786 30.
976 2761 1007 2770 -
1016 2735 1052 2798 (9)
1061 2733 1120 2785 Hoc

87 2811 274 2878 praescribunt
284 2823 410 2874 canense,
419 2823 452 2860 ne
467 2807 797 2870 creditoribusdamnum,
807 2809 854 2856 cut
864 2806 966 2871 injuria
978 2805 1118 2868 inferetur,

88 2885 116 2933 et
132 2895 167 2932 ne
182 2881 288 2932 debitor
304 2887 418 2946 propter
437 2879 545 2930 virtutis
562 2892 680 2929 amorem
702 2891 812 2930 causam
826 2877 926 2928 hebeat
942 2875 1061 2927 violandi
1071 2877 1118 2940 ju-

87 2953 203 3005 stitiam.
218 2953 268 3002 cit.
286 2953 343 3002 bul.
361 2949 427 3004 Cam
447 2951 479 3002 dc
496 2949 618 3002 omnihus
632 2949 700 3000 Sinti
712 2951 737 3001 V
749 2977 780 2987 -
794 2947 844 3013 (lt)
858 2947 1053 2998 Testimonium
1068 2945 1120 2998 hoc

87 3023 240 3090 requiritur
259 3037 292 3074 ax
309 3023 454 3074 novissimo
468 3023 575 3073 decreto
590 3021 617 3072 S.
635 3020 856 3086 congregationis
877 3032 960 3082 super
973 3020 1045 3069 statu
1061 3017 1117 3070 Re-

87 3095 227 3159 gulcrium
247 3094 300 3145 diei
318 3093 349 3144 25
371 3093 493 3144 ianuarii
518 3092 585 3154 1848,
607 3092 686 3157 inpr.
708 3089 825 3143 Romani
849 3087 1001 3154 Pontifices,
1024 3088 1119 3154 inquo

87 3167 150 3217 haec
163 3166 289 3230 leguntur
303 3185 314 3213 ι
327 3165 411 3215 Nemo
426 3163 460 3214 ad
469 3163 593 3214 habitum
604 3161 762 3212 admittatur
775 3161 877 3226 absque
894 3158 1120 3211 testImonialihus

89 3257 101 3284 α
121 3237 220 3286 litteris
239 3238 297 3286 tum
319 3235 456 3288 Ordinarii
478 3233 600 3298 originis,
618 3239 675 3284 tum
695 3233 778 3283 etiam
795 3231 935 3284 Ordinarii
949 3230 1010 3293 loci,
1025 3229 1053 3280 iu
1066 3242 1120 3295 quo

90 3324 102 3354 ι
122 3306 269 3357 Postulans
284 3308 346 3370 post
358 3307 495 3371 expletum
508 3304 644 3356 decimum
660 3304 785 3368 quintum
800 3304 888 3354 aetatis
901 3315 959 3353 suae
968 3315 1068 3352 annum
1076 3300 1120 3350 ul·

91 3397 103 3426 ι
122 3382 165 3428 trs
186 3391 287 3428 annum
302 3380 422 3429 moratus
435 3377 527 3428 fuerit.
548 3375 685 3427 Ordinarii
702 3375 731 3425 ln
745 3375 866 3438 praefetis
882 3373 979 3424 litteris
997 3373 1118 3423 testimo-

91 3468 103 3497 «
121 3448 253 3510 nialibus,
271 3453 415 3513 postquam
429 3447 575 3512 diligenter
589 3445 785 3509 exquisiverint
795 3446 876 3496 etiam
887 3458 938 3508 per
950 3443 1119 3495 secretasin·

89 3541 101 3570 ι
120 3520 298 3572 formationes
315 3519 348 3570 de
363 3518 527 3570 Postulsntis
542 3516 729 3582 qualitatibus,
750 3517 851 3570 reterre
870 3515 986 3567 debeant
1004 3514 1039 3566 de
1059 3515 1119 3578 ejus

92 3591 270 3654 uncialibus,
293 3594 382 3650 aetsta
407 3589 539 3651 moribus,
563 3588 627 3653 vita,
653 3587 734 3650 fama,
761 3587 922 3651 conditione,
947 3585 1116 3651 educatIoue,

92 3680 106 3712 ι
122 3661 255 3726 scientis;
273 3675 309 3715 an
322 3661 359 3714 sil
370 3659 525 3738 inquisitqs,
539 3659 632 3725 eliqua
644 3671 768 3725 censura,
782 3657 989 3725 irregularitate,
1002 3656 1116 3711 autolio
