2546 4082
602 153 765 220 ..m-

159 281 233 336 oidat
244 281 396 348 temporum
413 281 629 348 perversitatem,
647 283 716 336 solet
734 283 812 350 Papa
835 283 971 350 episcopis
992 284 1183 350 concederent

160 367 211 422 per
222 367 260 416 se,
273 353 315 405 rel
329 352 468 420 delegatos
485 367 559 420 suos,
574 359 602 406 at
623 369 673 421 per
687 355 825 420 simplices
839 355 1020 408 comessarios
1033 357 1140 422 possint
1156 357 1183 408 ab

159 423 212 478 hcc
224 424 387 490 obligatione
409 426 568 488 dispensare
580 445 587 486 t
609 425 682 493 quod
697 427 820 479 Pontifex
839 427 928 478 iacere
942 427 1012 479 solet
1025 428 1060 479 ad
1072 433 1183 493 tempus,

160 509 202 550 ex.
224 510 264 562 gr.
281 496 316 548 ad
335 496 489 556 biennium,
503 497 547 549 vel
560 499 723 558 triennium,
738 503 765 549 ct
784 497 945 550 durantibus
969 499 1185 568 circumstantiis,

161 567 281 692 aucegae
294 573 384 620 umen
405 568 542 620 hereticis
557 569 811 634 dogmatizantibus,
823 569 869 636 qai
884 583 993 636 semper
1009 575 1073 622 sunt
1087 571 1184 622 denun-

160 651 221 692 man
241 639 258 691 ·.

195 827 259 886 237.
274 825 507 886 communicatio
520 841 590 887 cum
609 825 755 888 haereticis
768 826 840 886 olim
855 832 918 887 erat
932 826 1089 888 catholicis
1102 829 1182 888 abso·

160 914 222 975 lute
235 914 401 987 interdicta,
414 921 519 990 utpote
530 914 798 976 excommunicatis
810 922 889 975 :tum
901 923 934 976 ut
943 917 981 975 ab
989 915 1113 976 haeresis
1122 932 1181 976 con-

159 1003 278 1080 tagione
292 1010 545 1080 preservarentur
565 1005 686 1077 fideles3
698 1011 763 1064 tum
773 1010 806 1064 ut
819 1005 954 1081 perversi
975 1013 1137 1065 noscerent
1154 1022 1181 1065 se

162 1109 229 1152 esse
242 1091 280 1152 ab
293 1091 424 1152 Ecclesia
434 1092 586 1168 depulsos.
606 1092 699 1154 Hodie
713 1109 796 1166 vero,
811 1093 902 1152 modo
915 1091 991 1150 absit
1003 1093 1179 1164 scandalum,

163 1187 194 1242 et
206 1180 406 1258 perversioris
414 1181 589 1257 periculum,
604 1181 762 1243 interdicte
775 1187 889 1241 tantum
903 1188 948 1242 est
962 1198 1032 1242 cum
1043 1181 1179 1242 haereticis

164 1269 297 1347 publice,
314 1276 344 1329 et
362 1270 538 1330 nominatim
553 1271 751 1344 denuncietis,
764 1277 914 1347 tamquam
930 1288 1000 1330 curu
1016 1287 1180 1331 excommu-

163 1358 269 1418 nicatis
282 1357 409 1418 vitandis
422 1363 474 1431 (l).
492 1363 588 1430 Quare
606 1376 676 1419 cum
700 1359 840 1419 hereticis
859 1360 992 1419 toleratis
1009 1360 1078 1420 licet
1104 1375 1178 1419 com·

163 1447 316 1508 municare
328 1446 360 1506 in
374 1446 514 1526 profanis,
528 1448 560 1506 in
585 1448 730 1522 civilibus,
747 1455 777 1508 et
793 1448 925 1510 civilibus
941 1449 1108 1524 conjunctis
1128 1453 1176 1521 (2);

163 1552 224 1596 nou
243 1543 343 1596 muron
356 1537 542 1611 regulariter,
562 1544 593 1597 et
614 1536 744 1613 practice
760 1537 920 1614 loquendo,
936 1537 966 1594 in
981 1537 1084 1610 sacris,
1099 1543 1127 1596 et
1139 1536 1176 1595 di-

162 1623 240 1684 vinis
254 1642 262 1698 3
279 1641 359 1698 nam,
373 1631 407 1684 ut
420 1624 455 1684 aii
472 1626 648 1686 Benedictus
660 1631 738 1687 xlv:
754 1627 824 1687 Fere
837 1627 1012 1702 impossibiie
1027 1634 1068 1686 cst
1080 1643 1176 1686 asaoe-

161 1713 238 1786 m're,
253 1721 288 1774 at
298 1731 318 1774 a
328 1715 440 1790 [inpilia
452 1716 588 1774 commori
600 1715 719 1775 valeam
731 1716 875 1789 catholici,
883 1732 943 1774 sesa
952 1715 987 1774 io
996 1717 1081 1775 redas
1093 1713 1176 1774 saort

162 1819 232 1862 cum
246 1803 397 1876 basatico,
411 1811 437 1862 ct
450 1804 644 1864 schismaticis
659 1805 867 1866 admiscentes:
879 1804 957 1881 quia,
968 1811 1002 1864 ut
1016 1804 1122 1877 subdit,
1132 1805 1175 1864 oio

163 1908 309 1968 ampamm
321 1892 563 1969 acciderepotest,
578 1901 613 1954 at
626 1895 660 1954 ia
675 1895 766 1970 praei
779 1895 818 1953 sit
836 1895 962 1953 lauccio
975 1894 1175 1954 catholicorum

162 1997 232 2040 cwm
245 1981 387 2041 hereticis
400 1982 626 2042 communicatio
640 1984 674 2042 ia
687 1983 794 2042 divicit
805 1987 855 2055 (3).
873 1988 934 2042 Nec
949 2000 1094 2042 excusare
1107 1982 1173 2040 valet

161 2069 370 2130 haereticorum
382 2069 560 2146 persecutio,
577 2069 647 2147 quia
663 2073 750 2148 juxta
763 2071 943 2131 sententium
957 2075 985 2130 S.
1003 2070 1103 2143 officii,
1115 2086 1172 2145 pcr-

162 2158 269 2220 acoatic
279 2158 343 2234 ipsa
356 2157 507 2232 apcioaiat
519 2161 743 2236 iatcrropatioai
754 2161 879 2234 fideipl).
892 2160 975 2220 Unde
990 2162 1094 2219 Paulus
1103 2159 1171 2219 vde

162 2245 256 2306 linivit
280 2262 342 2305 nou
356 2247 446 2306 licere
464 2247 616 2308 catholicis
628 2249 712 2324 regni
726 2248 836 2324 Angliae
850 2247 1061 2308 haereticorum
1076 2247 1169 2322 templa

160 2334 253 2409 adire,
267 2334 432 2410 ritibusque
446 2353 551 2396 eorum
564 2336 707 2397 interesse
717 2341 767 2407 (5).
777 2337 859 2397 ldem
871 2337 1058 2398 confirmavit
1070 2343 1096 2397 S.
1111 2342 1171 2397 Gon·

44 2429 48 2438 ’
161 2424 294 2500 gregatio
315 2428 344 2483 S.
367 2423 460 2484 Officii
489 2425 520 2483 iu
540 2426 738 2486 instructione
769 2444 824 2502 pro
852 2427 1040 2487 hiasionariis
1062 2425 1170 2486 Orientis

160 2529 240 2573 anuo
255 2517 338 2585 1729,
351 2519 382 2572 et
395 2512 425 2572 iu
440 2513 636 2589 responsione
650 2515 688 2574 ad
702 2515 860 2590 qiremdam
870 2515 1084 2575 llissionarium
1097 2517 1168 2575 Pelo·

159 2601 644 2678 ponnenscmannol'153,inqua
659 2602 829 2673 declaravit,
851 2619 910 2662 non
923 2620 1013 2678 posse
1028 2604 1116 2662 Missae
1132 2618 1167 2660 ce

159 2690 353 2751 lebrationem
366 2690 496 2766 permitti
512 2690 719 2750 sacerdotibus
732 2691 889 2763 haereticis,
906 2697 935 2750 et
949 2691 1136 2752 schismaticis
1143 2690 1166 2748 iu

158 2779 296 2840 Ecclesiis
309 2779 533 2851 catholicorum,
556 2795 654 2854 neque
667 2797 757 2855 posse
775 2780 936 2840 catholicos
950 2780 1092 2840 adsistere
1102 2781 1166 2838 lunc

157 2868 242 2928 ribus
257 2867 413 2926 celebratis
429 2867 488 2948 ritu
510 2865 710 2942 schismatico,
729 2884 828 2943 neque
843 2885 927 2944 posse
945 2868 1059 2928 absolvi
1081 2869 1164 2928 catho-

157 2955 232 3017 licos
252 2956 507 3017 communicantes
525 2973 594 3016 cum
610 2956 817 3030 schismaticis,
834 2956 890 3016 nisi
905 2957 933 3014 in
950 2974 1022 3017 casu
1042 2965 1165 3018 extrema

158 3044 352 3118 necessitatis,
378 3061 476 3120 neque
499 3062 588 3120 posse
607 3044 768 3106 catholicos
790 3045 1011 3105 communicare
1028 3045 1057 3105 in
1078 3044 1164 3104 divinis

158 3150 227 3195 cum
241 3132 445 3206 schismaticis
461 3141 491 3193 et
505 3133 652 3193 hereticis
671 3133 701 3191 in
721 3151 825 3193 eorum
844 3133 981 3193 Ecclesiis
994 3137 1045 3206 (6).
1060 3140 1163 3214 hemum

155 3221 186 3280 in
209 3223 318 3282 horum
340 3223 595 3282 confirmationem
625 3222 740 3282 accedit
767 3221 920 3298 dispositio
948 3239 1056 3283 recens
1074 3224 1163 3282 datae

155 3310 206 3370 Pio
226 3316 272 3385 Vl,
300 3311 331 3370 in
356 3329 428 3372 casu
455 3311 681 3384 Gallicanorum,
706 3311 757 3386 qui
779 3310 1002 3370 schismaticum
1020 3311 1162 3371 emiserunt

150 3400 354 3474 juramentum
367 3401 522 3462 servanda
537 3393 755 3461 constitutionis
765 3399 836 3461 cleri
850 3405 1032 3462 econveutu
1043 3398 1161 3460 nationali

155 3486 242 3548 edite
256 3492 308 3562 (l).
