2566 4102
521 167 715 214 ...mm-

106 271 208 348 judicii
215 277 280 348 '1353
296 287 364 351 quaa
377 291 417 336 ex
427 275 495 352 iure
504 277 642 352 naturali,
657 283 687 338 et
696 293 764 354 que
773 293 812 338 ex
819 277 889 356 June
897 277 1025 355 positivo
1031 279 1084 355 ib,
1097 285 1125 346 1.

35 413 40 426 .
106 363 250 423 iudicium
262 365 509 440 ecclesiasticum,
527 369 680 439 saeculere,
694 367 792 441 civile,
810 368 962 430 criminale
976 373 1044 430 186·
1060 370 1126 433 aliae

106 452 322 514 subdivisiones
342 451 446 530 iudicii
458 455 561 526 civilis,
581 461 612 516 et
632 455 792 516 criminalis
804 457 865 529 13.;
887 456 1068 534 petitorium,
1095 465 1127 520 01

105 543 334 616 possessorium,
347 547 417 616 ’137;
433 543 625 617 ordinarium,
640 551 670 604 et
685 545 880 608 summarium
888 549 950 608 738.
969 545 1124 622 Legitima·

104 628 145 690 tio
158 647 356 706 personarum
367 632 398 692 in
412 631 525 709 judicio
538 637 600 693 138.
620 632 802 694 iudiciorum
813 634 1032 696 100010181801
1046 652 1123 714 seqq.

135 720 505 782 1000000000010010888
523 741 531 781 :
553 723 673 798 000010
700 723 842 798 procedat
863 723 1011 786 adinstar
1028 725 1124 788 civilis

100 808 190 883 13.,1;
206 809 361 886 quomodo
368 807 537 870 instituatur
546 810 584 870 13.
596 819 623 870 01
631 827 706 888 sopp.
722 815 879 874 promotor
890 812 1001 874 tisoabs
1011 819 1075 874 1000
1084 831 1124 876 ex

102 899 301 973 accusatione,
331 905 456 958 100000
484 899 722 972 denunciatione,
746 917 923 976 processum
946 901 1075 977 instruit,
1088 909 1123 964 ut

102 983 265 1064 inquiratur
279 992 350 1048 892:
365 989 395 1046 in
410 989 468 1048 boc
478 1004 624 1063 processu
640 989 678 1048 de
691 988 809 1050 duobus
818 995 944 1062 constat,
957 979 1071 1052 scilicet
1083 993 1121 1053 de

102 1076 207 1136 delicto
220 1076 250 1135 in
269 1093 391 1152 genere,
408 1083 438 1136 et
450 1077 480 1136 in
497 1076 596 1152 specie
615 1077 719 1138 13110
739 1077 936 1154 inquisitionis
955 1079 986 1138 in
1002 1079 1122 1155 judiciis

102 1164 303 1225 criminalibus
319 1165 408 1226 hodie
420 1172 467 1226 est
480 1165 727 1240 ordinariorum.
739 1171 902 1228 Processus
914 1166 1120 1230 informativus

102 1253 193 1328 primo
206 1255 332 1331 respicit
344 1256 463 1329 famam,
479 1261 509 1315 et
523 1254 630 1316 deinde
644 1255 757 1316 crimen
769 1259 833 1329 833,
848 1261 862 1316 1
875 1274 882 1329 ς
898 1256 1057 1318 conficitur
1069 1275 1117 1320 se·

102 1349 188 1416 00010,
203 1361 258 1404 reo
272 1361 334 1404 non
347 1345 502 1417 01101013.;
518 1349 609 1404 testes
621 1345 816 1405 admittuntur
830 1343 918 1404 etiam
929 1343 1058 1424 alioquin
1072 1345 1119 1406 in·

102 1429 210 1492 habiles
222 1432 274 1505 ib.;
289 1431 510 1508 interrogantur
519 1449 610 1508 super
619 1431 807 1508 generalibus
815 1449 1013 1509 personarum
1021 1435 1071 1508 13,,
1083 1440 1116 1508 t,

103 1535 188 1595 snper
201 1521 392 1596 generalibus
404 1528 435 1582 et
449 1521 627 1598 specialilius
646 1522 744 1582 delicti
758 1521 808 1595 13,,
823 1526 841 1582 3
853 1541 860 1583 :
876 1539 913 1582 ex
927 1522 974 1582 his
983 1523 1118 1586 decernit

19 1685 20 1690 ἵ
99 1608 196 1683 iudex,
212 1627 250 1670 an
263 1611 488 1686 procedendum
510 1611 547 1670 sit
573 1610 776 1684 adulteriora,
795 1612 843 1672 vel
856 1627 915 1671 non
931 1611 986 1684 13.;
1010 1612 1041 1672 10
1059 1613 1117 1674 1000

101 1697 229 1773 adjuvari
243 1705 343 1775 potest
354 1701 392 1762 ab
415 1701 527 1761 oculari
545 1700 739 1776 inspectione,
758 1699 968 1761 ascrutstione
987 1701 1115 1778 scriptu-

98 1799 204 1860 ramm,
220 1793 279 1847 etc.
295 1789 345 1860 13,
362 1795 388 1849 1.
402 1790 503 1849 Solum
518 1789 637 1865 quando
652 1789 815 1864 semiplene
828 1790 934 1850 saltem
947 1796 1066 1850 constat
1077 1791 1116 1850 de

99 1871 210 1944 delicto,
224 1883 255 1934 et
268 1878 307 1936 de
319 1884 442 1938 auctore
455 1877 553 1938 delicti
566 1894 636 1938 reus
655 1876 846 1937 constituitur
858 1878 911 1950 13.;
925 1894 995 1938 reus
1007 1878 1115 1938 0110100

98 1961 133 2020 ad
146 1963 339 2024 constitutum
353 1969 424 2038 8943
448 1983 486 2025 an
501 1983 553 2026 000
573 1966 640 2028 dari
659 1971 749 2041 queat
769 1967 971 2040 juramentum
984 1965 1114 2027 veritatis

93 2041 224 2111 'doendae
238 2053 290 2127 13,
306 2058 333 2113 3.
349 2054 424 2125 Quid
438 2054 463 2113 si
474 2055 577 2114 datum
591 2055 645 2114 fuit
659 2054 690 2113 in
704 2061 794 2130 caput
803 2053 959 2130 proprium
971 2054 1024 2112 13·
1018 2071 1114 2130 ,000-

96 2141 179 2200 modo
200 2141 434 2218 interrogandus
461 2159 532 2202 reus
559 2143 970 2216 895,1011,00010000110
994 2142 1113 2204 testium

95 2243 158 2288 cum
171 2247 225 2290 000
251 2235 358 2304 83101,
374 2231 614 2308 1013·,0010100
634 2231 721 2306 praxi
737 2231 882 2291 hodierna
898 2231 937 2290 13.
951 2235 1114 2291 Processus

94 2299 1010 2396 0110001000,010010001000831.(1001000100000000100000
1024 2320 1111 2394 solet,

92 2405 145 2465 nisi
154 2409 293 2468 habuerit
308 2415 399 2468 testes
406 2427 461 2484 pro
476 2409 532 2469 rite
546 2409 722 2470 examinatis
735 2409 785 2482 ib,
799 2415 824 2468 1
836 2407 980 2484 Repetitio
991 2407 1120 2506 testium·
1176 2437 1179 2453 »

92 2499 160 2554 838;
179 2498 331 2572 quomodo
342 2499 395 2558 fiat
408 2499 458 2571 13,,
474 2498 717 2574 1011·,0000010
734 2515 793 2558 non
808 2505 854 2558 est
879 2489 1120 2570 necessariori,

90 2586 116 2641 3
125 2589 308 2662 ncuspotcs
295 2587 429 2646 tofferre
442 2603 583 2663 episcopo
593 2587 724 2648 libellum
733 2581 1023 2660 compositionis899
1038 2587 1111 2655 Qua

89 2671 125 2731 lis
138 2674 201 2734 dari
222 2676 321 2751 possit
333 2676 479 2736 sententie
490 2681 560 2749 9⁰⁰3
581 2673 763 2735 absolutoria
785 2679 858 2749 00001
879 2672 976 2735 modis
991 2671 1110 2731 datura

88 2767 115 2822 S.
132 2765 366 2840 congregatione
380 2765 597 2840 Episcoporum
610 2770 640 2824 et
653 2761 840 2838 Regularium
853 2761 904 2833 13,,
917 2766 943 2820 1.

122 2857 253 2912 10000000
268 2851 463 2911 summarium
477 2856 526 2912 901
548 2871 553 2910 :
574 2854 677 2911 1000000
690 2847 898 2910 substantiales
909 2847 938 2907 in
953 2864 990 2906 eo
1004 2846 1108 2906 obser-

88 2941 274 3012 000100901;
302 2957 340 2998 an
355 2942 462 3001 habeat
477 2943 579 3001 loomn
592 2940 784 3000 reconventio
804 2938 855 3010 13,,
871 2942 905 3010 3;
927 2953 994 3012 quae
1016 2935 1046 2995 in
1071 2953 1107 2995 eo

88 3028 198 3101 possint
210 3028 306 3088 omitti
318 3034 390 3102 903,
408 3029 479 3106 quid
497 3029 523 3089 si
536 3027 738 3089 solemnitates
755 3026 861 3102 judicii
883 3025 1024 3087 ordinarii
1044 3041 1106 3084 ser-

27 3099 33 3116 ’
87 3123 189 3176 000100
200 3121 265 3176 out.
282 3118 428 3179 iudicium
442 3118 636 3178 summarium
645 3122 743 3194 potest
757 3116 823 3176 fieri
837 3115 1029 3188 ordinarium,
1045 3131 1107 3174 non

88 3205 146 3265 rice
158 3222 249 3266 versa
263 3207 301 3266 13.
314 3223 321 3280 ;
338 3208 410 3282 quid
421 3208 446 3268 si
458 3225 519 3268 una
531 3224 600 3283 pars
615 3208 794 3267 reclamaret
802 3211 908 3264 contre
920 3207 1048 3264 formam
1057 3219 1106 3262 as-

88 3295 487 3370 sumptamjudiciiordinarii
496 3297 582 3369 13,,1.
592 3295 739 3356 tudicium
747 3294 1049 3354 summariumlocum
1057 3293 1106 3352 ha·

87 3380 131 3442 bet
144 3383 244 3443 tumiu
255 3383 400 3458 civilibus,
413 3391 475 3445 tum
484 3385 513 3445 in
526 3385 727 3445 criminalibus
735 3388 822 3457 suut
839 3401 845 3442 ε
858 3399 924 3458 quae
939 3383 998 3442 sint
1007 3375 1106 3444 causon

85 3469 313 3548 sicprvilegiatae
323 3473 488 3546 abhomine
497 3477 563 3545 9063
574 3491 640 3550 quae
649 3473 692 3534 sic
701 3471 921 3548 privilegiataea
932 3473 999 3549 June
1012 3488 1104 3530 cano-

85 3561 146 3622 nico
158 3565 226 3636 9⁰73
244 3561 317 3636 quid
330 3561 368 3623 de
381 3562 479 3624 causis
491 3563 714 3624 beneficialibus
726 3561 778 3635 13,,
791 3567 823 3636 l,
839 3577 906 3638 que
915 3561 975 3701 sinbt
987 3559 1104 3636 privile·
1125 3663 1130 3676 1
