2546 4082
474 281 634 340 ...303-

76 409 113 475 (l)
127 407 192 476 (lep.
209 407 247 468 n,
257 406 292 460 ds
305 417 395 474 spons.
409 409 437 461 et
447 409 570 460 man.-
582 405 618 472 (t)
630 405 695 473 Cep.
705 405 736 458 la
745 407 778 460 de
788 409 856 460 sent.
873 419 974 460 excom.
990 431 1021 444 -·-
1034 404 1070 470 (3)

45 482 112 546 cap.
127 480 169 540 at,
179 480 240 532 aad.
251 479 279 530 in
288 479 313 531 6.
321 505 351 518 -
364 479 400 544 (l)
413 479 485 530 lhid.
494 477 674 532 Excludendae
686 482 776 531 tamen
787 485 850 534 sunt
862 479 918 532 illm
935 489 1069 544 persouae,

46 565 110 618 qum
123 551 266 602 interdicto
279 563 389 602 causam
402 549 544 602 dederunt.
560 549 674 614 Maiores
694 553 784 601 autem
800 550 983 602 solemnitates
998 548 1070 598 ludi·

45 619 411 688 canturinbul.1neffodilis
425 621 534 672 Martini
547 619 580 672 V.
591 646 622 657 —
636 622 666 683 (5)
678 621 742 686 Cap.
759 621 790 672 57
803 620 836 672 de
850 624 916 672 sent.
931 633 1033 671 excom.
1044 623 1071 670 at

45 707 107 759 cap.
126 691 163 756 la,
178 691 237 745 eod.
255 691 284 742 in
296 693 319 743 6.
331 692 411 760 -(ti)¹
421 693 487 757 Cep.
500 692 531 743 20
547 691 581 742 do
592 696 660 742 senta
672 705 774 743 excom.
789 691 848 743 Hoc
857 691 998 743 interdicto
1013 688 1066 741 affl-

44 765 128 823 eitur,
143 763 189 829 qul
203 761 330 828 paschale
345 765 512 828 preceptum
525 775 580 816 non
595 761 736 830 adimplet,
750 775 808 831 cap.
825 761 917 817 Omnis
930 761 1070 828 utriusque

45 847 136 894 seam,
153 834 187 886 de
203 833 297 902 poenit.
314 836 342 886 et
355 834 460 886 remiss.

83 993 149 1053 294.
166 992 329 1066 Quamdam
344 1007 413 1054 curn
429 991 588 1054 interdicto
602 992 823 1054 similitudinem
842 993 931 1054 habet
945 994 1072 1053 cessatio

46 1101 66 1143 a
84 1081 203 1155 divinis,
219 1098 285 1157 quae
299 1082 340 1142 nil
353 1080 434 1142 aliud
447 1088 503 1157 est,
518 1098 609 1159 quam
618 1099 702 1143 mero
713 1083 892 1144 intermissio
902 1085 1072 1144 divinormn

46 1171 211 1246 offinornm
224 1171 305 1246 scoto
318 1185 354 1231 ee
368 1171 500 1242 tristitia,
515 1179 602 1248 etque
617 1172 656 1232 od
676 1171 790 1232 luctum
808 1171 939 1232 Ecclesiae
958 1171 1071 1248 sipnifi·

48 1259 191 1333 condano,
206 1257 239 1318 ob
253 1257 488 1334 inobedientiam,
504 1266 531 1320 et
542 1260 720 1340 paucitatem
732 1260 866 1336 filiorum
880 1276 1005 1320 suornm
1019 1263 1070 1332 (l).

50 1348 134 1409 Licet
159 1348 225 1408 haec
253 1346 380 1407 cessatio
402 1365 420 1406 a
444 1345 561 1422 divinis,
576 1349 754 1426 quandoque
772 1348 862 1410 etiarn
880 1349 918 1410 de
935 1350 1003 1426 jure
1017 1364 1072 1424 pro

48 1434 208 1497 interdicto
222 1442 346 1512 accepta
357 1435 463 1511 luerit3
486 1437 676 1498 nihilominus
692 1438 730 1497 ab
752 1455 788 1498 ea
805 1439 931 1499 multum
950 1437 1070 1497 differt:

49 1542 120 1585 nam
134 1524 256 1602 proprie
269 1542 399 1586 censura
412 1542 474 1586 uon
487 1533 543 1600 est,
558 1543 657 1603 neque
668 1543 734 1587 eam
746 1524 861 1588 violans
873 1525 1072 1602 irregularita-

51 1611 113 1674 tem
127 1612 252 1673 incurrit
264 1617 316 1685 (Ξ).
335 1615 496 1690 Regulares
513 1624 611 1676 mmcn
632 1631 699 1676 eam
711 1615 856 1676 violantes
869 1613 1075 1676 excommuni-

52 1701 171 1762 catione
184 1704 354 1778 plectuntur
369 1707 419 1776 (3).
436 1703 490 1775 Qui
503 1710 602 1779 potest
615 1720 758 1764 censuras
771 1706 859 1778 forre,
876 1705 965 1764 etiam
975 1708 1074 1778 potest

52 1791 252 1852 cessationem
276 1808 294 1851 a
320 1790 427 1852 divinis
448 1791 590 1868 indicere,
616 1793 701 1869 cnjus
723 1794 846 1854 effectus
872 1791 991 1870 gravior
1017 1796 1074 1865 est,

52 1895 144 1956 quam
161 1878 192 1939 in
209 1879 367 1941 interdicto
383 1900 390 1941 :
405 1897 476 1941 uam
489 1887 625 1958 tempore
638 1882 811 1944 cessationis
825 1881 962 1942 edivinia
975 1879 1075 1940 officie

52 1969 154 2028 divina
169 1969 313 2029 celebrari
324 1976 476 2046 nequeunt
489 1987 547 2030 nec
560 1969 675 2045 dicbus
686 1977 719 2031 ut
732 1988 833 2048 supra,
847 1988 903 2047 pro
917 1969 1074 2030 interdicto

51 2057 205 2134 exeeptis3
227 2057 281 2118 sed
302 2064 417 2120 tantum
436 2059 611 2136 Baptismus,
630 2058 821 2131 Paenitentia,
845 2065 875 2119 ct
894 2058 1075 2119 Eucharistia

50 2164 108 2223 per
121 2147 246 2208 modum
259 2146 360 2208 viatici
373 2149 536 2208 ministrari
549 2156 686 2224 possunt,
701 2156 730 2209 et
744 2150 836 2210 semel
847 2148 877 2208 in
888 2146 1074 2208 hebdomada

51 2235 91 2294 ad
106 2239 220 2310 corpus
235 2235 341 2296 Christi
361 2237 583 2297 conficiendum
599 2237 716 2299 Missam
735 2238 887 2299 celebrare
899 2237 978 2312 licet,
995 2237 1075 2312 quod

52 2340 92 2383 ex
108 2323 241 2384 theorico
253 2323 402 2386 interdicti
416 2326 606 2397 desumitur(
625 2329 646 2395 l.

84 2471 121 2536 (l)
131 2471 251 2524 (lassatio
268 2472 396 2525 edivinia
409 2473 537 2526 indicitur
553 2475 588 2526 ab
603 2476 675 2541 jnra,
692 2478 722 2527 ut
738 2474 766 2526 in
784 2487 849 2526 casu
864 2473 1020 2542 pollutionis
1036 2486 1077 2526 ee

52 2542 145 2594 etesia
161 2549 272 2609 propter
285 2543 466 2603 homicidium,
481 2545 524 2597 vel
541 2547 575 2597 ab
590 2545 698 2598 homine
711 2550 821 2613 propter
831 2545 938 2611 aliquod
950 2545 1076 2609 gravissi·

52 2627 130 2665 mum
143 2614 239 2666 scelus.
252 2615 326 2680 -(2)
340 2615 405 2683 Cap.
420 2617 460 2666 55.
475 2616 508 2668 de
522 2617 621 2683 appell.
639 2631 699 2683 cap.
718 2617 759 2676 18,
773 2619 807 2668 de
816 2623 884 2670 sent.
899 2631 1000 2670 excom.
1013 2616 1072 2668 ind.

52 2711 84 2722 -
99 2685 136 2750 (3)
150 2685 213 2751 Cap.
230 2685 252 2746 1,
270 2686 304 2738 do
320 2690 389 2740 sant.
406 2700 507 2739 excom.
525 2689 598 2754 -(l)
608 2689 672 2755 Gap.
690 2688 729 2752 57,
743 2687 801 2740 eod.

89 2867 155 2924 295,
174 2865 270 2925 ludex
283 2882 479 2927 censurarum
492 2873 538 2928 est
551 2869 632 2928 solus
643 2865 861 2927 ecclesiasticus
876 2881 883 2924 ε
900 2868 929 2923 ct
945 2862 969 2922 si
980 2879 1076 2922 saeeu·

53 2953 127 3014 laris
141 2955 299 3029 praesmnat
311 2955 351 3016 de
365 2971 559 3016 censurarum
576 2955 674 3016 causis
692 2971 885 3031 cognoscere,
904 2954 951 3013 vel
973 2967 1076 3012 aarum

56 3042 266 3103 executionem
275 3043 428 3121 impedire,
439 3040 675 3106 autcensuratos
686 3045 934 3120 compelleremus
946 3041 1077 3118 quolibet

55 3130 148 3190 modo
163 3131 322 3208 adjurare,
338 3141 371 3193 ut
384 3151 527 3194 censuras
540 3133 662 3209 violent,
685 3132 716 3192 in
738 3129 1076 3192 excommunicationem

52 3218 179 3279 incurrit
187 3237 305 3282 summo
319 3222 453 3282 Pontifici
467 3229 649 3284 reservatam
664 3225 714 3294 (l).
728 3221 884 3297 Sedjudex
898 3218 1074 3279 ecclesiasti-

56 3325 112 3368 cus
126 3325 268 3369 censuras
277 3310 410 3387 infligere
421 3311 534 3388 nequit,
549 3311 605 3371 nisi
616 3311 717 3381 sobrie,
727 3326 891 3385 mannaque
901 3309 1075 3384 oircnntspe-

55 3397 159 3470 otione,
175 3403 207 3457 ut
219 3399 354 3476 praecipit
365 3400 567 3460 tridentinum
576 3405 629 3475 (a),
646 3406 676 3460 et
689 3399 863 3475 regulariter
877 3397 934 3458 nisi
948 3414 1076 3474 sequen-

56 3485 98 3546 tia
113 3494 315 3548 concurrant:
340 3494 370 3548 1⁰
389 3489 477 3549 debet
494 3490 533 3549 ed
552 3505 710 3550 censuram
729 3488 882 3548 ferendam
896 3502 1077 3547 concurrere

56 3581 215 3650 peccatum
228 3583 505 3653 gravaexternurn,
515 3585 545 3638 et
557 3584 797 3640 consummatum
810 3593 879 3638 cum
891 3574 1077 3637 contumacia
1150 3637 1153 3644 ,

53 3664 249 3741 conjunctum
260 3669 318 3742 (3))
334 3671 363 3729 2⁰
374 3667 464 3730 debet
481 3667 620 3747 praemitti
633 3667 710 3740 trina
725 3665 858 3742 monitio,
873 3667 921 3730 rel
935 3681 994 3727 una
1007 3681 1076 3742 par·
