2490 4088
643 139 782 194 ..52-
1237 119 1238 168 l

195 262 288 324 monii
312 261 513 336 inpedimenta
536 262 587 334 (d).
610 257 796 335 Rescriptum
824 257 905 318 enim
932 256 971 316 ab
996 255 1145 328 haeretico,
1172 259 1216 318 vel

195 350 454 412 excommunicato
478 349 634 409 obtentum
654 349 766 424 absque
793 347 871 408 dicta
892 345 1082 406 absolutione
1099 351 1143 406 est
1155 345 1216 421 ipso
1237 359 1238 430 l

190 441 258 516 jure
271 440 395 511 nullum,
412 454 468 497 nec
486 438 648 514 quidquam
662 437 749 497 velin
763 437 828 512 ipso
842 433 1033 495 conscientiae
1048 435 1115 494 foro
1128 435 1217 510 prod·

194 545 262 589 esse
288 533 396 604 potest.
420 527 562 602 Exceptio
586 533 685 586 tamen
714 525 748 586 tlt
769 525 800 584 in
822 523 879 584 illis
899 522 1073 599 rescriptis,
1096 539 1161 598 quae
1181 523 1215 582 ab
1237 539 1238 548 ¹

197 613 462 676 excommnnicatis
487 614 657 675 obtinentur
681 614 712 674 in
735 628 949 674 causaeorum
976 611 1238 696 excommunica-3

196 706 294 775 tionis,
309 711 343 764 ut
356 705 448 780 siper
463 703 540 765 viam
561 703 776 780 appellationis,
800 702 849 762 vel
865 699 1009 777 simplicis
1030 700 1162 776 querelae·
1180 702 1215 760 ad
1237 715 1238 750 t

195 794 367 855 Pontificem
389 798 545 853 recurrant
568 792 606 852 ad
624 791 802 851 sententiam
814 791 845 870 in
858 791 940 866 ipsos
963 785 1111 865 prolatam
1133 779 1238 865 repa-³

193 883 330 943 randum,
343 884 445 942 valere
458 881 593 957 prolecto
611 879 719 940 hocin
737 896 810 939 casu
831 877 1011 954 rescriptum
1020 878 1071 953 jus
1085 879 1215 938 naturale
1237 883 1238 908 ³

191 972 386 1045 demonstrat,
412 970 493 1046 quod
512 969 584 1030 nulli
601 969 711 1046 patitur
731 968 830 1029 media
848 965 1033 1030 defensionis
1051 965 1169 1038 auferri,
1184 973 1215 1026 ut

190 1061 321 1120 declarat
334 1059 479 1131 Pontifex,
494 1057 545 1134 qui
558 1057 833 1118 excommunicatos
846 1056 885 1116 ad
898 1055 1044 1131 rescripta
1057 1053 1214 1116 obtinenda
1237 1051 1238 1104 l

188 1147 332 1209 inhabiles
346 1147 452 1220 reddit,
468 1163 558 1223 quam
573 1149 608 1208 in
620 1145 941 1220 recommunicotioais,
963 1153 1017 1206 out
1043 1143 1213 1221 uppcltatto-

189 1237 237 1297 nis
251 1237 401 1311 articulo(
421 1242 442 1309 ).

225 1325 411 1402 Rescriptum
423 1327 524 1402 gratiae
537 1331 637 1403 potest
654 1324 721 1400 quis
733 1324 868 1384 obtinere
886 1339 943 1399 pro
957 1339 1001 1396 se,
1014 1327 1066 1380 aut
1076 1337 1133 1398 pro
1146 1321 1210 1393 alio,
1237 1351 1238 1396 ,

164 1420 252 1485 ,tam
277 1414 397 1474 nomine
424 1416 565 1492 proprio,
594 1430 683 1490 quarn
708 1413 827 1472 nomine
850 1409 1073 1488 procuratorio,
1100 1409 1212 1469 etiamsi

188 1504 361 1562 mandatum
375 1502 451 1562 desit
466 1523 472 1562 :
488 1502 674 1578 Rescriptum
695 1507 796 1561 autem
814 1499 935 1576 justitiae
957 1500 1061 1560 stricto
1073 1501 1141 1574 iure
1158 1515 1211 1574 pro
1237 1541 1238 1544 η

188 1591 246 1651 alio
260 1590 324 1650 sine
336 1592 477 1652 mandato
491 1591 617 1651 obtineri
637 1607 698 1650 non
714 1596 824 1666 potest,
840 1588 896 1649 nisi
910 1589 948 1648 de
961 1588 1129 1663 conjunctis
1143 1604 1211 1663 per·
1237 1661 1238 1676 ,

187 1679 270 1738 souis
283 1687 397 1754 agatur,
412 1679 440 1738 in
457 1681 565 1756 quibus
583 1680 662 1754 viget
682 1679 856 1739 mandatum
873 1683 1091 1754 praesumptum
1107 1695 1114 1735 :
1131 1677 1211 1752 quod
1237 1683 1238 1758 f

187 1769 334 1827 sancitum
346 1767 409 1840 fuit,
436 1786 474 1831 ue
491 1767 584 1844 iniqui
598 1766 774 1827 mercenarii
787 1767 853 1826 lites
867 1765 1010 1826 suscitent
1024 1761 1149 1841 sopitas,
1164 1771 1212 1824 aut
1237 1763 1238 1818 ξ

188 1855 367 1932 quaestiones
390 1873 483 1916 novas
510 1857 652 1928 excitent,
679 1855 841 1916 obtinendo
857 1873 876 1915 a
891 1862 919 1913 S.
936 1854 1010 1915 Sede
1029 1853 1153 1934 iustitiae
1166 1871 1210 1914 re-

188 1945 308 2018 scripta,
330 1961 397 2020 quae
418 1934 525 2004 deinde
543 1953 594 2005 aut
610 1945 714 2017 actori,
730 1951 782 2004 aut
795 1961 848 2004 reo
862 1949 1015 2020 exponant
1028 1943 1170 2014 venalia(
1189 1946 1207 2014 l.

186 2038 221 2092 nt
241 2033 330 2093 hodie
341 2037 428 2107 juxta
451 2035 560 2109 stylum
578 2040 608 2093 et
621 2033 869 2093 consuetudinem
890 2039 1029 2092 Romanae
1044 2031 1139 2092 Guriae
1153 2049 1205 2090 ex·

189 2121 292 2196 tranei,
307 2129 337 2182 et
359 2140 415 2198 pro
434 2123 497 2183 aliis
518 2123 607 2183 etiam
634 2123 747 2199 absque
768 2122 907 2182 mandato
928 2119 1048 2199 justitiae
1067 2119 1211 2196 rescripta

187 2211 322 2271 obtinent
336 2215 385 2282 (bl.

217 2377 252 2443 (i)
262 2377 374 2440 Quando
386 2378 548 2442 rescriptum
560 2377 682 2429 absolute
691 2379 846 2430 nominatur
855 2377 1017 2442 intelligitur
1027 2375 1208 2440 pontificium

186 2449 234 2500 sed
251 2449 368 2500 huonon
386 2449 475 2512 cilicii,
491 2450 634 2514 quominus
649 2450 778 2515 episcopi,
795 2457 821 2500 et
834 2450 971 2514 principes
983 2449 1011 2499 in
1025 2463 1083 2500 sues
1096 2449 1208 2514 jurisdi-

177 2521 284 2572 ctionis
299 2521 387 2572 causis
402 2525 501 2586 queant
517 2522 649 2585 rescripta
663 2521 818 2572 concedere.
838 2549 858 2558 -
874 2521 909 2586 (2)
932 2519 983 2581 Qui
998 2520 1101 2570 obtinet
1113 2519 1206 2570 rescri-

184 2593 260 2658 ptum
275 2591 356 2643 debet
370 2605 430 2642 esse
444 2592 569 2642 subditus
588 2593 772 2654 rescribentis,
794 2591 888 2657 illique
902 2591 1042 2656 subjectus
1055 2591 1084 2641 in
1098 2591 1210 2642 materia

185 2663 310 2728 rescripti
327 2684 332 2712 :
349 2664 420 2714 unde
435 2665 504 2714 sicut
518 2664 679 2730 rescriptum
693 2666 833 2714 obtentum
847 2678 862 2714 a
881 2663 1003 2729 principe
1017 2663 1145 2714 saeculari
1158 2675 1209 2713 nou

182 2735 295 2800 prodest
307 2734 341 2784 ad
355 2735 515 2786 beneficium
529 2734 743 2786 ecclesiasticum
759 2735 992 2800 consequendum
1005 2734 1045 2784 sic
1055 2747 1105 2785 nec
1115 2733 1210 2785 rescri-

183 2811 259 2871 ptum
273 2806 406 2868 pontificis
432 2806 466 2856 ad
486 2805 674 2856 haereditatem
692 2806 866 2857 obtinendam
885 2811 960 2858 extra
981 2805 1150 2856 territorium
1166 2819 1207 2854 ro·

182 2889 301 2926 manum.
317 2877 421 2928 Idcirco
439 2877 597 2942 legitimatio
617 2878 681 2928 data
701 2877 824 2942 principe
838 2877 964 2928 saeculari
980 2889 1034 2926 non
1048 2876 1160 2941 prodest
1175 2875 1207 2925 ad

183 2947 277 3010 officia,
293 2954 318 2997 et
338 2948 469 2998 beneficia
483 2949 664 3000 ecclesiastica
686 2948 864 3014 assequenda.
886 2948 975 3010 Quare
995 2947 1044 2997 ubi
1065 2947 1208 3012 agitucde

182 3017 322 3070 effectibus
349 3019 537 3084 spiritualibus
563 3023 589 3070 et
610 3021 823 3085 temporalibus,
844 3020 887 3071 vel
912 3018 1103 3071 ecclesiasticis
1121 3019 1206 3068 cuci-

180 3091 292 3154 vilibuS,
316 3090 457 3154 utriusque
477 3091 596 3157 supremi
614 3091 745 3157 principis
765 3091 928 3155 rescriptum
951 3089 1137 3140 necessarium
1157 3094 1205 3154 est,

179 3173 230 3212 nec
242 3161 349 3212 omnino
360 3161 392 3212 in
404 3162 530 3226 conflictu
543 3162 630 3226 leptim
643 3163 785 3228 uictosque
806 3160 957 3227 potestatis,
978 3163 1025 3226 jus
1047 3160 1124 3213 civite
1139 3175 1207 3225 pra·

179 3232 258 3296 uolet,
273 3237 302 3283 ut
314 3235 389 3282 sonat
402 3233 549 3297 propositio
563 3233 698 3284 damnata.
714 3234 819 3299 Syllab.
833 3247 909 3300 prop.
924 3232 966 3282 it.
984 3259 1015 3269 —
1028 3231 1064 3296 (3)
1080 3232 1134 3284 Sed
1148 3232 1207 3282 haec

180 3303 313 3354 absolutio
331 3318 385 3354 non
402 3304 520 3370 prodest
534 3317 590 3356 non
612 3305 768 3370 parentibus
793 3304 834 3356 rei
856 3302 997 3368 Judicota,
1017 3301 1205 3366 incendiariis,

180 3373 354 3426 violatoribus
368 3375 568 3427 ecclesiarum...
584 3376 758 3429 uiolatoribus
770 3374 949 3428 ecclesiastica
963 3373 1104 3436 libertatis,
1118 3374 1205 3426 insor-

181 3442 343 3498 ducentibus
359 3459 409 3513 par
424 3459 529 3500 aunum
548 3447 579 3498 in
601 3447 730 3513 oeuunis,
754 3450 781 3498 et
803 3447 863 3498 aliis
885 3445 1039 3511 graviorum
1062 3445 1206 3496 criminum

180 3517 320 3571 reis.·Vid.
343 3518 372 3569 in
388 3515 447 3571 Bul.
466 3532 608 3573 romum.
631 3519 708 3590 Regl.
725 3519 832 3575 Gancel.
857 3520 942 3574 clem.
964 3515 1038 3581 XIV,
1058 3523 1122 3569 tom.
1138 3517 1162 3582 l,
1178 3531 1204 3586 p.
