2566 4102
602 223 768 272 ..mp-

169 335 261 398 tanda
280 335 363 396 cirus
384 325 501 412 praxim
522 336 575 406 tn,
591 341 617 396 t.
640 334 855 396 nummarium
881 342 979 397 ratum
1003 341 1077 412 prot
1093 335 1197 396 modis

170 423 303 486 salvatur
324 428 387 484 431.
417 424 539 500 sponsis
559 424 726 484 volentibus
749 425 924 500 religionem
951 425 1083 501 profiteri
1105 425 1200 484 datur

173 519 288 588 tempus
304 512 432 572 duorum
445 512 593 574 mensium
609 513 647 572 ad
656 513 880 573 deliberandum
892 513 930 572 ib.
944 506 953 573 :¹
965 530 1053 589 aquo
1063 514 1112 573 dle
1125 512 1198 573 inei·

172 601 236 678 piat
249 600 409 660 decurrere
424 601 483 660 hoo
496 600 645 661 trimestre
658 602 696 661 u.
712 601 836 673 Quando
850 603 984 662 solvatur
999 617 1055 677 per
1072 601 1198 677 dispen-

172 690 320 750 sationem
333 695 421 766 Papae
434 690 485 763 ila,
499 694 526 750 5.
542 690 667 761 Quando
693 696 723 750 et
737 690 888 766 quomodo
902 690 1123 750 matrimonium
1139 707 1200 766 per

172 778 351 839 sententiam
366 777 476 854 judicis
495 771 665 840 declaretur
688 781 802 848 nullum
821 781 858 839 ib.
884 779 1099 840 Matrimonium
1119 795 1200 839 oon-

172 874 352 928 summatum
361 868 426 927 sola
438 874 534 928 morte
546 868 718 928 dissolvitur
731 872 797 942 4323
809 873 855 928 est
869 867 1071 928 indissolubile
1082 868 1133 939 ihr
1147 883 1200 927 ne

173 973 231 1034 qua
252 956 376 1016 solvitur
398 973 452 1033 per
472 955 621 1029 haeresim,
640 963 692 1016 aut
710 956 888 1016 adulterium
905 957 958 1030 ila,
976 961 1004 1017 5.
1028 953 1198 1016 ltivortium

173 1045 272 1122 quoad
284 1045 403 1105 thorum
417 1052 447 1105 et
462 1045 675 1106 habitationem
696 1045 734 1105 de
751 1052 855 1106 mutuo
871 1046 1032 1120 conjugum
1045 1059 1200 1130 consensu
1270 1075 1271 1082 1

170 1135 237 1205 ⁴3³3
253 1135 349 1193 altero
362 1133 454 1194 invito
463 1133 639 1209 regulariter
651 1133 714 1194 deri
724 1133 813 1195 debat
826 1135 857 1193 in
869 1134 981 1209 judicio
991 1133 1131 1194 Ecclesia
1141 1133 1197 1204 aba
1271 1177 1272 1184 r

172 1222 292 1299 quando
305 1221 421 1298 privata
433 1221 610 1282 auctoritate
623 1222 687 1282 deri
703 1229 791 1297 queat
804 1223 855 1294 th,
871 1228 898 1281 l.
915 1226 985 1293 Quae
998 1223 1083 1295 iustae
1096 1237 1200 1280 causae

171 1315 243 1372 ist:
259 1311 409 1387 quomodo
420 1310 596 1370 adulterium
607 1313 720 1387 justam
731 1311 1052 1388 causamprebeattm
1068 1322 1198 1385 quomo-
1273 1339 1274 1354 κ

172 1401 212 1460 do
225 1397 346 1460 haerasis
367 1399 405 1458 lu.
420 1417 428 1471 3
454 1399 576 1472 sevitia,
590 1407 620 1458 et
637 1401 702 1459 aliae
717 1415 815 1459 cansae
830 1399 869 1459 ib.
889 1404 995 1459 coram
1009 1415 1069 1475 quo
1085 1415 1202 1474 propo-

173 1487 273 1548 nenda
285 1489 324 1548 sit
338 1486 477 1547 instantia
493 1487 635 1548 nullitatis
651 1493 717 1562 4363
733 1503 836 1548 coram
847 1504 907 1564 quo
922 1487 1062 1548 instantia
1075 1503 1202 1563 separa·
1275 1497 1276 1502 ’

173 1576 265 1637 tionis
288 1581 355 1650 ⁴3⁷3
371 1576 523 1652 quomodo
543 1577 769 1652 procedendum
792 1577 821 1635 in
836 1593 927 1636 causa
940 1577 978 1637 it.
994 1581 1089 1636 Penes
1107 1593 1203 1652 quem
1276 1573 1277 1578 ’

175 1665 332 1727 educanda
345 1665 457 1742 proles,
472 1671 503 1724 et
516 1667 603 1742 cujus
615 1663 755 1742 expensis
768 1669 831 1726 638.

209 1760 301 1815 Euros
318 1758 382 1826 649,
397 1759 424 1813 l.
448 1754 538 1813 nolus
555 1755 652 1814 malus
674 1753 704 1812 in
728 1754 809 1814 omni
831 1758 987 1814 contractu
1011 1753 1205 1829 praestandus

176 1845 247 1915 scm
264 1859 321 1902 nse
334 1843 412 1902 valet
436 1841 655 1917 convertimus
666 1849 823 1918 praestetur
836 1843 875 1902 ib.
889 1859 897 1915 3
913 1841 1080 1918 praeteritus
1099 1848 1204 1917 potest

176 1931 287 1992 remitti
298 1931 338 1992 tn.

210 2025 383 2082 Eourcnmrr
390 2020 491 2097 quoad
499 2019 718 2081 ordinationem
729 2025 778 2094 893
789 2021 888 2098 quoad
902 2020 1124 2080 matrimonium
1134 2024 1202 2081 466.

178 2115 293 2182 Quanto
315 2116 449 2186 tempore
470 2109 667 2170 constituatur
688 2111 871 2172 domicilium
893 2109 1083 2170 habitationis
1101 2109 1154 2183 ib,
1170 2113 1201 2168 2.

177 2197 506 2271 Quasidomiciliumib.

147 2331 150 2336 -
209 2293 358 2348 Eonrnrun
369 2291 437 2359 6323
454 2287 519 2363 ejus
533 2286 693 2348 divisiones
706 2287 745 2346 ib.
823 2313 829 2324 ,

162 2397 172 2444 ,’
208 2380 335 2435 bonarm
349 2377 417 2449 6583
426 2392 517 2436 causa
526 2375 631 2436 mortis
645 2377 683 2436 ib.
692 2393 700 2450 ς
709 2376 787 2436 intar
799 2376 885 2436 vivos
896 2379 967 2437 659:
982 2376 1072 2452 hujus
1080 2374 1202 2436 divisio-

175 2479 230 2526 uss
241 2463 297 2537 ib.;
309 2470 378 2524 ante
391 2463 631 2540 acceptationum
639 2464 785 2526 donatarii
797 2470 896 2541 potest
910 2463 1055 2538 revocari,
1065 2471 1095 2526 et
1106 2480 1203 2540 quan-

175 2552 275 2630 doque
291 2568 347 2629 per
360 2569 394 2613 sc
411 2559 570 2614 revocatur
588 2559 651 2628 666,
669 2559 697 2628 t,
717 2554 824 2630 excipe
839 2554 1031 2614 donationem
1052 2553 1200 2627 Ecclesiae,

175 2644 224 2704 vel
245 2641 303 2718 pire
326 2658 425 2702 causae
448 2643 557 2702 factam
580 2643 619 2703 ib.
641 2643 797 2714 Quomodo
824 2643 949 2719 praelati
977 2649 1007 2702 et
1034 2640 1204 2703 beneficiati

177 2737 287 2808 queant
307 2723 422 2791 donare
440 2735 503 2791 661.
527 2736 570 2791 Ex
591 2738 703 2808 quanto
719 2731 840 2791 donatio
858 2732 1095 2810 remuneratoria
1108 2730 1206 2806 possit

177 2819 326 2882 excedere
338 2817 478 2880 meritum
490 2821 542 2892 ab,
557 2823 584 2880 3.
598 2825 749 2893 Quatenus
761 2819 883 2880 donatio
896 2819 1088 2896 prohibeatur
1100 2817 1206 2892 praela·

176 2907 215 2970 tis
233 2907 431 2984 regularibus,
446 2914 477 2968 et
497 2908 780 2984 religiosioribus
797 2925 903 2968 eorum
917 2906 1038 2968 donatio
1059 2907 1205 2967 habeatur

176 2995 293 3058 modica
305 2996 356 3068 ib,
369 3001 398 3056 a.
415 2999 485 3067 Qua
499 3011 597 3072 poenae
611 3006 717 3056 contra
730 2997 888 3070 donantes,
904 3003 935 3056 et
948 2996 1128 3072 accipientes
1136 3011 1205 3071 pro·

177 3081 269 3140 hibita
284 3080 322 3139 io.
339 3084 410 3151 Quae
433 3081 642 3140 contineantur
656 3082 712 3143 sub
725 3080 911 3142 munusculis
924 3080 1092 3142 devotionis
1105 3079 1143 3139 a.
1159 3088 1204 3140 nn

177 3170 267 3230 liceat
282 3169 396 3229 donare
410 3185 518 3245 operas
530 3168 740 3245 religiosorum
753 3171 792 3230 ib.
811 3169 937 3230 donatio
954 3169 1087 3229 omnium
1106 3169 1205 3228 bono-

178 3273 246 3318 mm
258 3258 360 3318 terme
378 3258 518 3319 Ecclesiae
536 3257 698 3319 sustinetur
715 3263 769 3320 ddi
788 3259 867 3318 hoc:
892 3275 965 3319 casu
993 3257 1130 3318 donatori
1148 3257 1205 3318 ali-

178 3352 279 3407 macta
293 3347 427 3422 praebere
444 3347 533 3407 debet
547 3347 681 3408 Ecclesia
695 3348 731 3407 ib.
747 3353 839 3407 iuste
858 3363 955 3407 cause
968 3348 1008 3406 oh
1022 3363 1097 3422 quas
1109 3345 1205 3406 dona-

179 3434 221 3494 tio
232 3440 331 3510 potest
348 3435 483 3495 revocari
499 3440 552 3496 663
569 3455 576 3495 :
593 3437 713 3511 quando
736 3453 791 3512 per
810 3435 1052 3512 ingratitudinem
1066 3435 1204 3495 revocari

180 3529 270 3600 queat
281 3523 321 3582 ab
336 3523 503 3584 heredibus
519 3525 571 3598 ab,
586 3529 624 3596 23
644 3525 723 3585 tacta
741 3525 882 3590 Ecclesia
897 3541 959 3585 non
978 3529 1136 3586 revocatur
1149 3541 1205 3600 par

180 3611 420 3688 ingratitudinem
433 3613 546 3689 prelati
560 3613 599 3674 ib.
614 3613 783 3674 lnotllciosa
795 3619 955 3676 revoca-tm
968 3612 1137 3674 intercessu
1151 3627 1205 3673 su·
