2546 4082
655 207 811 265 -m..

214 331 321 394 citatos
333 330 372 391 de
385 329 566 406 obligatione
579 328 779 390 denunciandi
793 329 1001 392 sollicitatores
1014 345 1147 406 monere,
1160 337 1182 392 et
1191 336 1224 394 ut

212 437 276 492 eos,
291 419 347 480 nisi
359 420 438 494 lacta
451 419 692 492 denunciatione,
715 435 776 480 non
794 421 959 479 absolvant.
985 419 1070 491 Quod
1091 420 1117 480 si
1135 421 1222 498 hujus-

211 509 293 570 modi
305 508 387 585 impii
400 508 574 569 confessarii
586 509 762 569 sollicitatos
775 510 905 569 audeant
918 510 1042 583 docere,
1057 527 1118 569 non
1130 510 1222 570 adesa

211 615 288 659 onus
301 598 549 672 denunciationis,
564 599 589 658 si
602 599 680 675 apud
695 597 778 674 ipsos
792 599 999 671 confiteantur,
1017 600 1065 658 vel
1080 599 1105 658 si
1118 615 1167 659 eos
1177 599 1221 657 ab·

208 690 326 748 solvant
337 689 367 748 in
379 696 504 765 peceato
517 688 595 763 turpi
608 690 717 763 lapsos,
727 688 1068 749 excommunicationem
1082 689 1223 748 incurrant

208 781 296 854 Papae
313 784 505 852 reservatam,
520 777 659 850 invalide,
674 783 801 852 excepto
816 778 919 836 mortis
933 778 1060 837 ardoulo
1082 784 1113 837 et
1129 794 1222 838 neees-

207 867 303 942 aare,
318 867 485 943 absolvant,
500 873 531 927 et
543 867 650 926 merito
665 867 702 926 de
715 866 821 926 haeresi
835 867 965 943 suspecti
980 867 1147 928 habeantur
1161 870 1203 937 (6).

236 1015 272 1081 (l)
284 1015 348 1082 Gap.
362 1015 403 1080 ⁴22,
416 1015 450 1067 da
464 1019 533 1068 sent.
548 1027 650 1066 excom.
668 1041 696 1052 -
718 1013 754 1077 (2)
773 1015 813 1066 Ex
824 1016 886 1080 J'ure
900 1028 963 1067 raro
976 1014 1049 1066 civili
1063 1013 1220 1079 gravissimis

204 1087 399 1154 temporalibus
412 1087 500 1152 poenis
514 1085 675 1152 quandoque
689 1085 842 1150 plectuntur
857 1086 996 1151 Sacrilegi,
1017 1088 1045 1138 et
1064 1086 1146 1150 plecti
1160 1099 1220 1136 sam·

205 1171 254 1225 per
267 1159 366 1210 debent
379 1171 395 1210 a
409 1158 538 1210 catholico
554 1157 688 1222 Principe.
704 1183 736 1193 —
749 1158 784 1221 (3)
798 1157 857 1208 Bul.
873 1154 1083 1210 Sacramentum
1096 1156 1218 1209 Paenitea-

203 1229 333 1294 πει-(4)
343 1229 524 1282 Probabiliter
537 1227 572 1279 ad
587 1229 777 1280 incurrendam
791 1229 861 1282 hanc
871 1229 1068 1280 inhabilitatem
1083 1228 1217 1294 requiritur

199 1301 300 1368 judicis
322 1299 480 1362 declaratio;
497 1300 531 1351 ab
544 1312 577 1351 aa
590 1305 681 1352 tamen
694 1299 842 1366 Episcopus
859 1300 1007 1366 dispensat,
1025 1301 1050 1350 si
1064 1300 1100 1350 sit
1115 1298 1216 1360 occulta,

201 1372 266 1438 quia
274 1373 398 1437 provenit
407 1385 440 1422 ex
449 1371 544 1424 delicto
558 1370 672 1423 occulto.
683 1398 715 1410 -
728 1371 763 1436 (5)
778 1371 837 1422 Bul.
854 1370 975 1423 Unicerat'
983 1369 1120 1422 Dominici
1131 1368 1215 1434 oreph.

201 1469 233 1482 -
250 1442 285 1508 (t)
304 1443 335 1492 ln
349 1443 438 1508 poeuis
453 1443 623 1508 proterendis
638 1443 715 1492 ceute
730 1441 927 1505 procedendum
942 1446 992 1505 est,
1007 1448 1034 1493 et
1048 1442 1076 1490 iu
1090 1440 1164 1506 praxi
1178 1452 1217 1489 re·

200 1515 264 1578 gula
278 1517 328 1573 est,
343 1519 373 1565 nt
385 1515 563 1565 denunciatus
577 1513 774 1576 confessarius,
798 1512 833 1564 ad
855 1513 970 1578 primam
991 1511 1217 1565 denunciationem

199 1584 333 1650 cicietur,
341 1585 376 1636 ad
386 1586 532 1637 secundam
542 1585 667 1651 cipitow
678 1583 817 1647 ottmttos,
827 1588 854 1635 et
863 1585 897 1635 ad
910 1585 1018 1636 tertiam
1028 1590 1121 1636 contra
1134 1583 1216 1647 ipsum

198 1655 367 1722 procedatur.
383 1655 521 1718 Quomodo
534 1663 624 1707 autem
639 1655 801 1722 procedatur
813 1654 929 1708 dioims
945 1655 974 1706 in
987 1659 1081 1708 nostra
1094 1653 1215 1704 Theorice

198 1732 226 1780 et
238 1727 320 1780 Praxi
333 1726 435 1790 vicarii
449 1727 622 1794 capitularis.

230 1907 294 1963 itt.
306 1903 497 1980 sortilegium
510 1913 552 1964 ost
572 1905 714 1966 divinatio
729 1921 782 1983 por
799 1912 901 1979 sortes,
917 1911 971 1964 cot
989 1903 1070 1980 [olco
1083 1904 1163 1980 sipon
1176 1903 1211 1961 od
1254 1959 1255 1970 ,

193 1993 311 2068 fotura,
323 1992 370 2052 vet
382 1994 495 2054 occulto
509 1996 719 2070 cognoscenda
729 1995 782 2056 sed
796 1996 855 2054 late
870 2000 1023 2069 sumptum
1037 2009 1153 2052 omnem
1165 2009 1209 2050 su-

194 2079 410 2156 perstitionem,
428 2090 458 2142 et
479 2083 704 2158 divinationem,
720 2092 750 2144 et
770 2083 899 2160 magiam
919 2082 1143 2158 comprehendit
1160 2083 1207 2150 (l).

193 2171 294 2228 Sortes
307 2170 425 2230 mittere
439 2171 552 2248 absque
566 2172 687 2248 speciali
704 2173 756 2232 liei
773 2171 977 2248 inspiratione,
997 2178 1031 2232 ut
1046 2170 1205 2247 pharimum,
1253 2203 1254 2231 l

193 2258 279 2318 netes
298 2265 354 2332 est,
370 2260 486 2320 etiamsi
506 2261 716 2322 ordinarentur
729 2262 768 2320 ad
782 2262 904 2321 bonum.
921 2261 1008 2320 Nelas
1025 2261 1154 2336 prolecto
1167 2264 1207 2317 est

192 2348 379 2408 occultorum
393 2348 661 2410 manifestationem
675 2350 839 2411 adaemone
850 2367 995 2427 quaerere,
1006 2357 1058 2410 aut
1071 2351 1206 2409 atortuna
1252 2406 1253 2434 ,

192 2451 260 2512 quae
275 2437 432 2498 Gentilium
444 2437 520 2498 deus
535 2445 609 2512 erat,
625 2439 694 2514 quia
707 2439 893 2500 idololatriae
907 2438 1023 2498 sortitio
1036 2439 1121 2498 foret.
1130 2437 1206 2497 Nelea

191 2541 311 2600 quoque
326 2531 381 2598 est,
396 2527 583 2586 occultorum
595 2527 863 2588 manifestationem
873 2529 964 2588 modo
979 2525 1204 2588 extraordinario
1251 2601 1252 2608 ,

189 2613 303 2690 absque
317 2631 448 2691 superno
461 2615 613 2691 instinctu,
626 2623 656 2676 et
668 2617 752 2692 gravi
762 2617 938 2678 necessitate
952 2622 1042 2678 abeo
1058 2615 1204 2691 exquirere
1251 2617 1252 2639 ¹

189 2703 271 2779 quod
285 2703 337 2763 bei
355 2704 477 2764 tenebo
493 2705 580 2766 toret.
597 2705 645 2766 Sic
665 2713 786 2766 nonest
804 2706 919 2767 licitum
933 2714 1024 2781 sorte,
1040 2706 1149 2782 apertis
1161 2721 1201 2763 sa·

188 2807 309 2852 erorum
323 2792 412 2852 etiam
425 2791 571 2853 librorum
584 2793 817 2870 paginis,lutura
826 2802 855 2856 et
864 2797 982 2856 occidte
993 2795 1143 2871 inquirere
1152 2797 1199 2866 (th
1250 2791 1251 2843 l

187 2896 244 2940 nec
263 2881 451 2957 astrologicis
474 2881 708 2958 inspectionibus
732 2890 925 2960 quaererent
947 2886 1060 2944 furtum
1074 2880 1200 2944 Ecclesiae

185 2967 297 3042 laetum
317 2969 494 3046 reperiatur,
515 2978 545 3031 et
566 2979 761 3048 recuperetur
783 2977 842 3047 (3),
864 2989 921 3033 nee
938 2972 1101 3033 electiones
1114 2970 1197 3032 ecole-
1249 2993 1250 3047 q

184 3057 320 3118 siasticas
334 3075 388 3135 per
402 3066 499 3120 sortes
513 3060 623 3136 lacere,
639 3079 705 3138 quae
720 3062 746 3121 si
759 3062 832 3122 fiant
846 3063 911 3137 ipso
925 3063 993 3138 jure
1007 3062 1095 3122 nullae
1110 3061 1197 3121 decla-

184 3152 288 3224 rentur
312 3152 371 3220 (l),
402 3165 459 3209 nee
479 3149 626 3210 damnatis
646 3151 904 3227 superstitionibus
926 3152 969 3211 uti
992 3152 1031 3212 ad
1053 3151 1197 3212 victoriam

181 3233 213 3294 in
233 3236 316 3311 ludo,
336 3237 426 3312 vulgo
448 3237 536 3312 totto,
552 3239 744 3315 quaerendam
759 3245 816 3313 (5);
838 3258 895 3300 neo
917 3240 1141 3301 vaticinationes
1163 3239 1195 3297 de

181 3329 261 3384 statu
280 3325 451 3401 reipublioae
472 3327 654 3412 Christianae,
676 3331 725 3389 vel
748 3329 831 3390 sedis
858 3330 1048 3406 Apostolicae,
1078 3329 1138 3388 sive
1162 3328 1194 3387 de

180 3411 254 3484 vita,
284 3419 314 3474 et
340 3422 437 3476 morte
462 3416 586 3476 Romani
613 3417 765 3478 Pontillois
787 3436 843 3494 pro
869 3425 1004 3494 tempore
1036 3418 1190 3489 existentis,

179 3499 303 3577 eiusque
317 3519 412 3579 usque
426 3504 465 3565 ad
478 3505 598 3566 tertium
611 3507 738 3582 gradum
753 3506 1042 3583 consanguineomm
1058 3512 1129 3582 (non
1141 3505 1191 3565 affi-

178 3586 273 3661 nium)
294 3590 439 3668 reoipcre,
453 3600 484 3653 et
504 3595 633 3655 relinere
654 3600 705 3669 (6).
719 3595 914 3660 Nihilominus
936 3595 1053 3662 licitum
1070 3597 1132 3676 ‚erit
1147 3610 1186 3655 ex.
1246 3629 1247 3657 l
