2546 4082
616 237 778 297 ..203-

220 359 252 424 (it
266 359 335 414 vida
345 358 385 412 tit
401 357 435 412 de
445 357 499 420 his.
510 361 558 426 qui
571 374 658 428 prom.
672 375 725 412 non
740 374 800 428 pos.
816 389 842 398 -
855 359 890 426 (it
905 359 970 428 Gap.
982 359 1016 412 de
1029 360 1115 411 heret.
1128 362 1150 412 et
1160 359 1193 410 ih.

188 431 275 486 Gloss.
291 459 322 470 -
334 432 370 497 (3)
380 430 439 483 Bul.
455 431 623 497 Apostolum
634 432 755 498 osticium
765 431 1033 497 Urbaniv111.-(i)
1044 431 1103 496 Reg.
1113 430 1195 484 tolno

188 505 215 554 et
225 502 283 554 bul.
298 499 405 570 Canai
422 505 444 554 i.
459 502 530 554 iiiuc
541 507 615 570 patet
636 503 781 555 discrimen
799 504 869 555 inter
893 503 979 555 libros
1005 503 1137 554 damnatos
1148 502 1197 567 pri-

187 585 239 625 mm
252 573 359 632 classis,
375 579 402 624 et
416 573 484 624 alios
503 574 640 637 secundm,
653 575 696 625 vel
710 575 798 625 tertiae
813 574 922 625 elassis:
943 587 1008 624 nem
1025 573 1053 624 hi
1075 571 1196 639 postremi,

187 645 211 697 si
226 644 345 697 damnati
364 645 419 696 sint
439 645 471 697 oo
486 644 603 708 iteretis,
616 645 656 698 oet
669 645 735 710 salsi
748 645 879 712 deportetis
896 644 1082 708 suspicionem,
1096 643 1199 696 inierunt

187 716 489 770 excommunicationem
507 731 561 768 non
581 723 760 778 reservatam
774 717 842 768 alias
859 719 964 766 tantum
984 716 1089 782 peccati
1106 715 1198 766 lethalis

187 791 291 838 reatum
306 787 433 839 inierunt.
447 787 532 839 index
541 793 631 840 autem
642 788 775 839 librorum
785 787 982 852 prohibitoriam
993 788 1075 838 etiam
1086 787 1113 836 in
1125 786 1200 838 Gallia

122 865 125 872 ’
186 871 239 910 usu
248 863 372 924 receptus
381 863 432 922 ast,
438 863 468 909 ut
476 859 591 924 probant
599 859 673 910 illius
684 859 792 923 inclytae
804 857 921 910 nationis
930 871 1000 908 nova
1014 857 1133 909 Concilio
1143 857 1198 906 Pro·

184 927 318 982 vincialia.
328 931 407 981 Auct.
417 929 484 981 inst.
495 932 550 995 jur.
562 943 621 984 can.
636 929 701 982 edit.
714 929 828 982 Parisiis
836 941 879 980 an.
894 928 963 988 1853,
975 929 1072 980 tomi.
1084 927 1194 994 pagftti.

221 1109 285 1166 259.
302 1104 435 1180 Schisma
449 1111 491 1166 est
504 1105 618 1179 divisio,
626 1122 680 1181 per
689 1121 781 1181 ptem
793 1100 859 1182 quta
873 1111 1034 1181 streperet
1048 1104 1084 1164 eh
1097 1105 1198 1166 malote

182 1195 361 1255 universalis
371 1193 715 1270 testamenmentum
723 1195 946 1253 hncestuncm
955 1187 1060 1268 corpus
1072 1200 1197 1252 ceratem

185 1283 316 1344 dornone
339 1283 501 1358 Pontifioe‚
524 1290 559 1342 ut
574 1283 685 1358 eapite,
708 1290 736 1342 et
756 1281 927 1342 Pectoribus
949 1298 984 1340 ce
1002 1281 1154 1354 diocliam,
1172 1286 1199 1338 ct

184 1373 334 1432 cumbra.
346 1371 489 1432 Dividitur
499 1381 598 1430 autem
612 1370 773 1446 inpurum,
789 1377 820 1429 et
830 1373 1025 1444 conjunctum
1034 1385 1105 1428 cum
1118 1369 1200 1428 haere-

184 1462 219 1522 si.
231 1467 340 1522 Purum
350 1460 458 1520 dicitur
471 1459 617 1535 aumqnis
628 1475 687 1518 non
704 1457 997 1519 vultcommunieare
1012 1474 1083 1517 cum
1093 1473 1200 1516 summo
1254 1449 1255 1456 '

185 1550 338 1624 Ponuflee,
352 1560 403 1609 aut
416 1565 486 1610 oum
498 1547 668 1608 Pastorihus
689 1555 720 1608 et
734 1547 891 1620 ridemus,
904 1546 971 1606 licet
984 1545 1106 1606 illorum
1119 1563 1200 1621 agno·

186 1647 251 1700 scat
270 1637 486 1710 anctoritatem,
506 1643 536 1696 et
558 1636 667 1695 horum
685 1651 748 1695 non
767 1642 855 1711 neget
872 1635 1063 1710 Religionem.
1085 1636 1201 1710 conjun·
1254 1619 1255 1672 i

186 1735 269 1788 ctum
283 1743 357 1788 vero
381 1743 451 1787 cum
468 1725 670 1798 haeresitunc
690 1723 812 1796 dieitur,
835 1740 904 1783 oum
927 1722 1007 1798 quis,
1033 1728 1067 1782 nt
1092 1725 1200 1794 assolet,

185 1817 297 1877 nedum
310 1815 408 1876 renuit
422 1813 657 1886 communicare,
673 1814 727 1874 sed
744 1813 866 1887 insuper
883 1813 930 1872 vel
944 1811 1073 1871 detrahit
1088 1811 1200 1887 Religio·

185 1905 226 1978 ni,
250 1905 298 1963 vel
316 1903 515 1980 legitimorum
540 1901 730 1977 superiorum
750 1899 958 1961 auctoritatem
981 1917 1041 1958 non
1067 1899 1201 1976 agnoscit,
1254 1913 1255 1970 p

184 1995 289 2070 eisque
313 1991 438 2069 preinde
462 1991 583 2050 obedire
609 1991 762 2049 detrectat.
781 1988 810 2048 si
825 1987 955 2047 schisma
969 1988 1006 2048 sit
1021 1992 1202 2063 conjunctum
1254 1975 1255 1985 ¹

185 2099 255 2144 cum
269 2080 376 2140 haeresi
389 2079 597 2139 schismaticus
610 2078 734 2154 punitur
748 2077 852 2136 iisdem
866 2077 975 2152 poenis,
996 2076 1105 2152 quibus
1118 2077 1201 2136 haere-

184 2172 282 2242 tions;
301 2170 327 2229 si
340 2186 413 2229 vero
435 2168 473 2228 sit
487 2185 607 2243 purum,
623 2167 745 2242 punitur
765 2165 1076 2226 excommunicatione
1096 2180 1201 2224 summo

185 2257 318 2319 Pontifici
330 2257 362 2316 in
376 2257 460 2316 Bulla
484 2255 575 2315 Certe
602 2262 763 2327 reservata,
786 2253 969 2314 inhabilitate
990 2253 1029 2312 ad
1052 2253 1201 2313 obtinenda

184 2345 339 2420 beneficia,
356 2363 393 2406 ac
402 2345 559 2422 dignitates
573 2343 794 2404 ecclesiasticas
815 2347 867 2417 (i),
883 2350 914 2402 et
924 2343 1048 2419 insuper
1061 2341 1201 2403 benefieiis

153 2465 155 2468 ·
185 2437 268 2513 prius
281 2435 411 2496 obtentis
425 2440 524 2510 potest
541 2433 653 2509 privari
666 2437 718 2506 (t),
734 2438 763 2490 et
783 2431 1001 2508 irregularitate
1016 2439 1145 2492 notatur.

217 2599 252 2664 (i)
265 2600 330 2663 Gap.
346 2599 370 2658 5,
386 2597 419 2648 de
442 2597 520 2649 elect.
534 2624 565 2633 -
580 2596 616 2662 (t)
631 2598 696 2661 Cap.
709 2595 781 2647 unic.
797 2596 831 2647 de
852 2596 959 2648 schism.
975 2595 1002 2646 in
1016 2597 1041 2646 6.
1057 2595 1123 2646 Pius
1137 2595 1202 2659 Papa

185 2671 209 2724 V
223 2671 272 2722 hus
296 2681 393 2734 paenas
406 2668 553 2733 applicavit
567 2668 595 2718 in
610 2681 675 2718 casu
689 2667 846 2718 recentioris
859 2667 1013 2718 schismatis
1028 2667 1166 2726 Gallicani,
1176 2670 1202 2714 ut

184 2741 277 2794 videre
291 2742 374 2792 estin
392 2741 452 2804 ejus
467 2739 564 2790 litteris
583 2739 654 2789 datis
676 2739 803 2789 omnihus
819 2738 953 2804 episcopis
974 2739 1050 2802 regni
1063 2737 1201 2788 Galliarum

185 2805 229 2856 die
244 2804 273 2856 13
287 2803 364 2870 april.
378 2802 445 2853 1791.
464 2801 581 2853 Theiner
595 2801 701 2882 docum.
717 2800 789 2850 ined.
805 2809 867 2852 tom.
890 2803 911 2861 i,
924 2815 952 2851 n.
969 2802 997 2852 19
1011 2805 1038 2852 et
1050 2799 1091 2851 tt.

219 3000 282 3058 260.
303 2997 456 3072 apostasia
479 3002 520 3055 est
542 2994 659 3070 defectio
679 3011 699 3053 o
718 2993 784 3069 fide,
804 2993 849 3054 vet
871 2993 1021 3069 relictoue,
1046 2995 1092 3054 vel
1111 2993 1199 3053 ordios

183 3093 323 3161 succepto.
337 3085 411 3144 ilinc
420 3083 530 3160 triplex
542 3090 587 3142 ost
602 3083 767 3158 apostasia,
776 3099 884 3158 nempe
897 3102 902 3141 :
916 3083 1011 3155 adde,
1026 3102 1044 3142 a
1057 3083 1198 3158 religione,

183 3175 231 3234 vel
246 3174 284 3234 ab
298 3174 412 3234 ordine.
426 3171 613 3248 apostasiae
631 3172 689 3231 lide
702 3173 745 3244 fit,
767 3189 836 3232 euru
851 3173 919 3247 quis
934 3173 1024 3232 fidem
1038 3189 1077 3232 ex
1098 3173 1199 3245 integro

183 3263 304 3338 deserit,
319 3269 352 3322 ut
365 3263 390 3322 si
405 3261 586 3322 Christianus
599 3260 794 3334 Judaismum,
814 3262 861 3320 vel
885 3259 1086 3320 idololatriam
1100 3261 1198 3335 ample-
1253 3323 1254 3330 χ

184 3358 294 3424 etatum
311 3358 341 3412 et
354 3351 398 3410 sio
411 3356 551 3427 apostata
565 3348 664 3425 poenis
675 3349 881 3408 haereticorum
893 3349 1026 3424 punitur,
1041 3367 1078 3410 ae
1088 3355 1198 3426 Aposta·
1253 3367 1254 3370 ¹

184 3437 1198 3516 taperfidisediciturtt).hpostasiaareligioneiit‚cmuquisahsqne

185 3528 351 3603 superioris
376 3528 495 3587 lieentia
517 3545 536 3586 a
557 3527 710 3602 religione,
736 3544 826 3602 quam
848 3528 1001 3602 protessus
1024 3533 1080 3600 est,
1101 3523 1197 3586 recedit

187 3617 288 3677 animo
310 3617 349 3676 ad
373 3617 470 3692 ipsam
488 3633 652 3690 numquam
663 3615 852 3690 revertendi3
868 3624 898 3676 et
911 3615 955 3676 sio
967 3623 1110 3694 apostata
1123 3611 1195 3692 puni·

1126 3791 1137 3820 d
