2566 4102
640 173 783 231 -rcae
1051 165 1072 208 ⁸

201 296 281 352 amm
293 297 327 350 de
344 298 391 350 vlt.
406 298 433 350 et
443 294 549 350 honest.
563 295 652 350 cleric.
669 311 704 349 ex
724 295 855 349 clement.
869 293 922 347 Sed
944 291 990 346 bio
1005 291 1107 346 citandi
1126 291 1226 348 modus

202 373 242 423 est
254 370 406 422 obsoletum
419 369 510 435 potins
521 367 682 436 quandoque
696 367 795 421 citatur
808 365 985 419 Clementine
997 377 1139 418 numerus.

237 541 282 597 ll.
302 541 535 613 Extravagantes
561 533 682 598 loannis
712 539 784 596 llllll
807 533 1047 610 complectuntur
1066 533 1165 594 Budas
1188 537 1225 594 20

203 624 337 702 ejusdem
358 625 508 686 Pontiflois
519 624 550 685 in
564 625 791 701 quatuordocim
803 623 904 684 titulos
914 623 1080 684 seeundum
1089 622 1227 683 ordinem
1261 636 1262 706 l

202 713 397 776 becretalium
411 713 597 788 distributas,
618 719 851 789 Extrevagentes
869 729 941 772 vero
962 717 1141 774 comunes
1154 712 1226 772 Bul-
1261 709 1262 788 l

200 803 246 862 las
259 804 385 863 aliorum
396 802 574 863 Pontificum
586 803 617 864 in
633 801 719 862 dictis
732 800 991 878 compilationibus
1007 817 1069 860 non
1084 815 1227 876 compre-

201 891 321 966 hensas,
331 898 362 952 et
373 891 404 951 in
418 892 549 969 quinque
559 892 652 953 libros
666 908 751 952 more
759 891 958 951 Decretelium
967 889 1140 950 distributos
1150 905 1226 950 con-

200 979 310 1054 tinent;
326 981 380 1040 sed
394 987 517 1058 quartus
533 981 609 1041 liber
624 986 719 1042 vacat.
744 985 814 1040 Iluae
836 978 1007 1055 hujusmodi
1030 977 1226 1039 collectiones
1262 984 1263 1060 l

198 1086 253 1145 per
265 1085 399 1130 summos
410 1069 569 1130 Pontifices
583 1085 643 1128 non
654 1069 843 1145 reperiuntur
860 1084 1004 1143 expresse
1024 1065 1199 1142 approbstae
1216 1084 1224 1126 :
1262 1061 1263 1094 ³

199 1163 230 1217 et
242 1157 432 1218 nibilominus
444 1157 474 1217 vi
488 1164 518 1218 et
531 1159 707 1218 auctoritate
724 1156 798 1234 legis
818 1156 993 1217 universalis
1007 1155 1129 1232 pollent,
1154 1158 1226 1231 quia
1262 1151 1263 1156 ’

198 1248 287 1307 Bullae
307 1253 375 1307 sunt
397 1247 572 1308 Pontificum
593 1263 699 1307 omnes
713 1247 887 1322 obligantes,
903 1263 971 1324 quer
990 1245 1057 1306 ideo
1077 1249 1225 1304 Extrane-

140 1393 144 1404 ,
198 1342 303 1414 gentes
316 1337 466 1411 dicuntur,
480 1336 549 1412 quia
562 1337 690 1412 primum
699 1341 784 1397 extra
795 1351 905 1412 corpus
916 1334 1003 1412 juris,
1014 1335 1044 1394 in
1055 1350 1126 1412 quo,
1139 1351 1225 1396 nunc
1263 1339 1264 1350 *

198 1431 268 1485 sunt
280 1425 514 1502 comprehensae,
529 1425 714 1502 vagabantur
727 1429 780 1499 (l).

229 1559 264 1626 (l)
277 1559 488 1624 extravagantes
499 1560 612 1613 ioannis
622 1560 705 1611 XXII
723 1559 773 1611 hoc
789 1558 866 1611 modo
880 1557 1042 1624 allegantur,
1056 1571 1099 1610 ex.
1114 1573 1156 1624 gr.
1171 1573 1223 1611 ex-

198 1635 266 1683 trav.
281 1631 436 1684 mercabilis
448 1631 546 1684 Joann.
560 1633 651 1695 XXII,
666 1632 699 1684 da
713 1631 812 1696 praesb.
827 1633 855 1682 et
864 1630 970 1695 dignit.;
981 1633 1007 1681 et
1019 1629 1070 1681 hoc
1085 1629 1164 1682 modo
1179 1631 1225 1682 al-

198 1701 323 1766 legantur
331 1702 544 1768 Extrevagantes
557 1716 722 1766 communes,
733 1717 774 1753 ex.
785 1715 825 1766 gr.
836 1704 938 1753 extrav.
949 1699 1100 1754 Ambitiosa
1114 1701 1148 1753 de
1162 1702 1222 1753 reb.

198 1773 265 1824 eccl.
280 1787 334 1824 non
353 1773 433 1826 allen.
443 1775 500 1825 int.
516 1787 584 1826 com.
600 1773 628 1824 Si
648 1787 711 1825 vero
727 1777 903 1836 extravagens
918 1771 1034 1837 allegata
1047 1773 1099 1822 sub
1114 1785 1165 1824 sua
1178 1787 1235 1824 ru·.

197 1843 274 1894 brica
286 1845 368 1896 unice
386 1846 430 1907 sit,
445 1845 522 1896 citari
545 1849 632 1910 potest
645 1844 775 1896 vocabulo
792 1842 864 1895 unm.
884 1842 1072 1907 subiungendo
1091 1842 1164 1894 tituli
1177 1858 1226 1894 ru·

197 1913 316 1977 bricam
330 1915 403 1981 quod
431 1915 592 1982 quandoque
608 1917 768 1967 observatur
783 1916 864 1965 etiam
879 1914 905 1965 ln
919 1913 1101 1966 clementinis.
1118 1915 1172 1966 Pro
1186 1916 1224 1967 iis

197 1987 297 2050 tamen,
326 1987 372 2051 qui
390 1987 495 2051 praxim
509 1987 629 2038 nondum
640 1986 816 2038 obtinuerunt
832 1985 970 2037 evolvendi
985 1985 1070 2036 libros
1081 1985 1153 2050 juris
1175 1999 1223 2037 ce·

197 2057 297 2121 nonloi,
312 2058 498 2121 observemus,
519 2071 564 2109 eos
586 2071 666 2123 posse
689 2057 817 2109 facillime
839 2055 988 2121 quemlibet
1009 2069 1150 2117 canonem,
1174 2059 1224 2108 eut

196 2134 277 2193 ceput
292 2129 403 2180 citatum
417 2129 563 2191 invenisse,
579 2129 602 2179 si
625 2129 768 2180 consulant
788 2127 905 2180 indicem
924 2127 1096 2178 rubricarum
1121 2128 1223 2194 cuique

196 2199 271 2263 operi
285 2199 312 2250 in
322 2199 456 2265 principio
468 2201 641 2264 impressum.
806 2235 808 2238 -

226 2272 328 2336 Corpus
339 2271 412 2336 juris
425 2277 525 2336 prester
536 2284 653 2322 canones
667 2275 695 2323 et
708 2271 797 2337 capita
807 2269 926 2322 continet
938 2267 1076 2334 nermo,
1085 2263 1215 2322 Summa-

195 2342 249 2405 ria,
264 2346 291 2393 et
303 2337 411 2393 Glossas.
427 2342 553 2393 Rubricre
568 2341 646 2392 dictes
661 2346 724 2394 sunt
741 2355 758 2392 e
776 2341 868 2406 rubro,
883 2340 947 2407 quie
961 2340 1043 2391 rubro
1068 2342 1221 2392 stramento

195 2413 393 2477 scribebantur,
413 2417 439 2463 et
453 2417 516 2464 sunt
529 2413 719 2476 inscriptiones
739 2413 887 2464 titulorum.
902 2412 934 2462 ln
950 2411 1088 2463 codicibus
1102 2411 1219 2463 authen-

194 2484 255 2535 ticis
272 2483 432 2535 authenticae
445 2483 589 2540 habentur.
604 2485 668 2548 quia
681 2497 808 2549 expresse
819 2497 836 2534 a
849 2483 1025 2534 Pontificibus
1037 2483 1197 2548 approbatae
1212 2506 1220 2536 ι

194 2559 390 2618 consequenter
403 2554 505 2606 babent
523 2555 578 2606 vim
599 2555 675 2619 legis.
691 2563 719 2606 et
738 2558 768 2605 ut
790 2555 863 2619 leges
876 2555 1001 2616 citantur,
1019 2555 1042 2604 sl
1062 2555 1221 2606 contlneent

193 2625 342 2676 orationem
356 2627 511 2690 perlectam,
526 2626 566 2676 uti
578 2631 619 2677 est
633 2625 743 2676 rubrica
756 2646 762 2675 :
776 2624 815 2677 Ne
832 2624 930 2688 clerici,
945 2625 986 2688 uel
999 2624 1125 2678 monaehi
1137 2638 1218 2678 secu·

192 2693 294 2748 lcribus
307 2695 420 2762 arcariis
433 2710 459 2748 se
471 2695 653 2758 imminentem
666 2697 708 2747 sin
726 2710 805 2747 secus
814 2697 901 2748 adhuc
913 2700 1025 2760 prosunt
1036 2696 1070 2747 ad
1080 2695 1219 2760 explican-

192 2767 241 2818 dos
255 2770 344 2818 textus
356 2787 363 2827 t
377 2768 449 2820 unde
472 2771 559 2819 ortum
582 2773 624 2819 est
647 2768 772 2834 adagium
788 2788 795 2817 :
816 2766 885 2820 calet
900 2770 1090 2832 oruamentum
1103 2780 1122 2818 a
1133 2767 1218 2819 rubro

192 2840 229 2889 ad
238 2837 357 2902 ciprum.
372 2839 399 2888 Si
415 2841 505 2890 tamen
520 2839 637 2890 rubricae
648 2839 768 2889 textibus
784 2842 963 2904 opponantur,
979 2842 1076 2902 textus,
1090 2840 1122 2888 ut
1133 2843 1217 2890 natu·

192 2907 249 2959 rale
261 2913 312 2970 est,
326 2909 483 2972 praevnlent,
504 2911 567 2975 quie
587 2910 705 2961 rubricae
719 2910 824 2975 priores
838 2913 865 2962 et
877 2908 1019 2974 generales
1035 2912 1106 2970 sunt,
1127 2912 1219 2962 textus

191 2993 255 3031 vero
267 2981 438 3044 posteriores,
453 2984 480 3032 et
493 2981 635 3047 speciales,
647 2985 675 3032 et
684 2981 756 3046 juris
768 2981 863 3046 regula
875 2984 925 3045 est,
938 2981 1039 3046 generi,
1051 2982 1218 3047 perspectos

191 3050 325 3115 derogari,
339 3064 398 3116 cep.
413 3051 443 3102 34
458 3052 491 3102 de
508 3065 564 3115 reg.
576 3054 631 3117 jur.
647 3053 676 3102 in
690 3053 714 3103 6.
728 3052 804 3114 Quod
818 3052 863 3103 bic
877 3053 909 3103 de
923 3053 1041 3103 rubricis
1055 3053 1217 3119 exponimus

190 3134 244 3171 non
265 3120 420 3173 extenditur
441 3120 476 3173 ed
498 3123 642 3174 Decretum
656 3123 787 3185 Gratiani,
807 3125 871 3190 quia
883 3124 928 3175 hio
942 3123 1026 3176 codex
1039 3137 1093 3176 non
1108 3127 1149 3177 est
1164 3137 1216 3175 eus

89 3239 94 3248 ,
190 3192 334 3257 theuticus,
349 3196 380 3244 ut
400 3206 484 3257 supra
503 3193 640 3246 innuimus
655 3213 662 3245 ι
683 3195 835 3246 oxoenditur
848 3200 938 3246 nmen
952 3195 986 3245 ad
999 3195 1216 3260 Extrevagentes

189 3276 220 3314 eo
232 3263 304 3328 qnod
318 3263 369 3315 boc
384 3277 454 3329 opus
471 3277 524 3316 usu
538 3264 668 3330 recipitur
680 3270 818 3331 tamquam
838 3265 1030 3319 authenticum.
1049 3266 1216 3331 summaria,

189 3334 229 3385 sic
242 3334 313 3386 dicta
326 3349 343 3385 a
356 3349 470 3397 summe,
490 3348 544 3400 qua
556 3338 651 3402 paucis
664 3337 756 3389 verbis
770 3338 884 3390 materie
897 3339 966 3404 legis
980 3341 1136 3404 exponitur,
1151 3343 1217 3394 suni

188 3404 376 3471 inscriptiones
399 3419 546 3471 canonum,
558 3407 601 3458 vel
615 3409 741 3473 capitum,
755 3415 782 3461 et
795 3411 957 3476 quandoque
979 3409 1215 3477 peregrcphorum

187 3489 271 3541 opere
283 3477 450 3542 privatorum
462 3476 722 3531 iurisconsultorum
740 3481 808 3545 ipsis
826 3481 983 3544 canonibus,
1008 3482 1051 3532 vel
1066 3481 1215 3547 capitibus,

187 3553 234 3600 aut
246 3549 425 3615 paragraphis
438 3549 561 3616 adjectae,
576 3564 639 3617 que
660 3556 803 3622 propterea
815 3567 870 3610 non
891 3556 955 3610 sunt
975 3553 1009 3608 ds
1022 3559 1107 3618 textu,
1124 3555 1152 3608 et
1165 3566 1214 3620 per
