2490 4088
433 199 593 258 ..103-

11 325 170 395 loosarta,
189 336 319 400 quorum
339 319 531 384 securitatem
545 333 599 396 per
616 318 715 394 ipsum
728 315 845 376 titulum
859 309 1018 390 consequi-

11 421 48 475 tu.
60 420 161 486 Quare
171 413 276 473 titulus
285 415 331 472 est
344 410 464 487 triplex,
483 409 559 470 elius
577 423 685 484 nempe
696 413 742 467 est
760 405 862 465 titulus
878 400 1018 479 beneficit,

12 499 433 573 inbeneficioecclesiasti003
449 497 523 558 alius
536 496 638 557 titulus
647 492 869 573 patrimonii,si
883 506 923 554 ex
933 487 1020 550 bonis

13 590 263 668 patrimonialibus3
282 595 312 649 et
331 587 407 648 alius
428 594 474 648 est
493 586 593 648 titulus
614 584 809 662 paupertatis,
828 579 907 641 siah
924 578 1022 656 aliqua

14 682 158 756 approbata
169 677 325 754 religione,
340 683 479 737 votorum
495 675 684 749 solemnium,
698 673 729 732 in
741 689 800 750 qua
813 669 964 747 professus
977 672 1023 729 est
1120 743 1124 758 Ι

15 770 131 842 clericus,
150 785 213 828 suae
227 764 450 826 sustentationis
463 764 632 824 cautionem
646 761 778 834 habeat(
798 766 819 835 ).

38 856 181 917 ordinatio
196 855 235 914 ad
254 854 372 915 titulum
392 852 531 914 beneficii
549 853 645 928 prima
663 857 694 912 et
711 848 859 928 antiquior
880 853 937 924 est,
958 863 1025 926 quae

17 947 136 1006 helesiae
150 943 243 1004 menti
256 942 352 1019 magIs
364 942 538 1018 respondet.
553 947 588 1002 nt
601 939 780 1002 beneficium
795 939 884 1000 debet
907 953 973 998 esse
988 935 1026 997 ed

18 1035 94 1095 elerici
118 1032 369 1094 sustentationem
391 1031 558 1092 secundum
570 1047 709 1108 personae
738 1034 848 1090 statum
864 1024 1025 1100 sufficiens,

19 1123 166 1198 puuceab
178 1121 347 1182 ordinando
355 1136 538 1197 possessum,
554 1127 585 1180 et
593 1129 786 1196 perpetuum
800 1118 840 1179 ita
852 1122 885 1178 ut
898 1119 1028 1194 nequeat

20 1212 153 1288 resignari,
167 1210 225 1271 nisi
244 1211 282 1271 de
295 1207 432 1286 Episcopi
444 1208 574 1283 licentia,
589 1208 667 1270 lacta
677 1208 766 1284 hujus
778 1205 854 1268 tituli
866 1203 1027 1279 mentione,

22 1308 41 1358 et
50 1300 163 1361 alterius
178 1299 391 1376 subrogatione
398 1301 449 1372 (3).
461 1297 576 1360 Idcirco
591 1294 774 1374 cappellania
791 1292 955 1358 anovibilis
968 1308 1029 1357 nou

23 1395 53 1447 ast
71 1390 169 1449 titulus
189 1387 351 1463 sufficiens,
373 1387 428 1448 nisi
448 1393 592 1464 patronus
614 1386 725 1461 obliget
744 1400 829 1444 suam
848 1383 939 1446 fldem
952 1398 1028 1444 nun·

23 1493 93 1551 quam
104 1477 267 1554 repellendi
281 1482 463 1552 promotum,
475 1476 524 1535 vel
537 1491 599 1534 non
611 1472 784 1561 repellendi,
799 1473 897 1533 donec
912 1470 1031 1536 aliunde

24 1566 50 1623 ab
59 1568 110 1626 elio
123 1565 281 1639 beneflcio,
295 1566 344 1625 vel
358 1565 535 1642 patrimonio
554 1561 593 1623 sit
607 1563 788 1625 sufficienter
805 1560 953 1638 provisus.
969 1565 1030 1626 liae

25 1661 101 1714 tmen
112 1656 142 1714 in
155 1673 190 1716 re
204 1654 360 1730 expediret
375 1655 413 1714 ed
429 1653 574 1730 majorem
593 1651 741 1713 cantelam
754 1652 903 1713 licentiam
914 1654 945 1712 S.
960 1653 1031 1714 Gon·

27 1743 184 1818 gregalionis
191 1749 333 1820 expetere
347 1746 397 1814 (l).
414 1741 595 1803 Beneficium
614 1758 698 1816 vero,
718 1740 799 1821 quod
815 1740 904 1800 habet
917 1745 1033 1806 tantum

27 1830 227 1893 d'utrihutiones
241 1831 425 1908 quotidianas
438 1830 555 1890 videtur
573 1830 733 1903 sufficiens,
751 1829 842 1891 modo
856 1827 1035 1892 thermodo-

28 1934 69 1978 ues
84 1921 138 1982 siut
146 1927 248 1995 certae,
263 1927 294 1980 et
312 1920 460 1980 excedant
471 1919 621 1980 taxamad
633 1917 844 1995 patrimonium
857 1917 1035 1986 eeclesiasti-

31 2022 82 2066 cum
93 2009 280 2070 formandum
291 2008 484 2069 constitutam
497 2011 549 2082 (5).

58 2098 193 2159 Ordinatio
209 2098 248 2157 ad
260 2097 375 2173 titulum
389 2095 586 2173 patrimoniis
599 2097 733 2157 Patribus
744 2095 861 2158 concilii
873 2097 1035 2164 'lrbdsntini

31 2185 198 2260 permith'tur,
210 2186 235 2246 si
247 2185 406 2262 episcopus
415 2184 538 2263 judicet,
546 2184 675 2262 adquam
684 2182 823 2248 clericum
833 2203 889 2263 pro
902 2187 1036 2252 ecclesie

33 2287 78 2331 sua
88 2275 270 2346 necessitate,
282 2279 333 2334 aut
346 2275 558 2334 commoditate
574 2291 641 2336 esse
655 2274 867 2335 assumendum
878 2278 1038 2348 (litones-

35 2358 85 2422 titas
101 2361 269 2438 patrimonii
284 2380 344 2422 uou
359 2362 446 2424 estin
463 2364 531 2439 jure
546 2363 754 2438 determinata,
770 2363 840 2440 quia
859 2364 987 2425 refertur
1001 2363 1039 2426 ad

35 2447 143 2512 diversos
161 2454 298 2512 locorum
323 2458 427 2526 status,
447 2452 477 2511 in
493 2451 602 2528 quibus
618 2452 725 2525 victus,
745 2451 912 2514 etvestitus
934 2452 1038 2531 pluris,

36 2538 70 2596 rel
90 2541 209 2601 miinoris
228 2545 275 2600 est
297 2544 348 2613 (7).
368 2539 489 2600 Reditus
511 2558 629 2601 annuus
653 2541 691 2600 ed
710 2542 922 2618 patrimonium
948 2543 1040 2602 eecle-

38 2623 162 2688 siastieum
181 2628 424 2690 constituendum
444 2630 615 2706 requiritur,
635 2630 685 2706 qui
703 2630 843 2691 constitui
861 2631 937 2691 solet
950 2646 1040 2707 super

38 2710 210 2778 inmobilibus
227 2718 338 2791 liberis,
355 2725 385 2779 et
399 2718 558 2793 quotannis
573 2718 740 2795 frugiferis,
749 2736 840 2794 super
852 2717 996 2795 pensione
1010 2725 1041 2781 et

39 2816 110 2864 censu
131 2812 278 2883 perpetuo
297 2807 336 2866 ad
351 2807 478 2866 formam
499 2805 720 2867 constitutionis
748 2811 776 2866 S.
799 2807 840 2867 Pii
857 2812 889 2882 ll,
907 2815 936 2870 et
951 2824 1041 2885 super

41 2889 190 2968 obligatione
213 2911 403 2971 quacumque
416 2895 454 2955 ab
476 2896 645 2971 hypotheca
667 2894 698 2954 in
720 2894 807 2955 honis
829 2897 964 2971 firmata,
979 2913 1041 2958 nou

40 2992 93 3039 vero
104 3001 190 3060 super
205 2983 351 3043 industria
365 2983 475 3056 clerici,
492 3001 552 3043 non
567 3001 657 3060 super
670 2985 755 3044 lucro
769 2986 926 3059 eventueli,
939 2993 969 3046 et
978 3003 1042 3064 per-

43 3071 121 3144 sonali,
136 3089 235 3148 neque
248 3071 278 3130 in
292 3071 380 3131 honis
393 3072 562 3147 mobilibus,
578 3079 629 3132 aut
641 3074 880 3151 semoventibus,
899 3093 997 3152 neque
1010 3075 1042 3135 in

43 3151 107 3216 bonis
118 3160 206 3234 petris
220 3159 261 3220 ita
273 3167 307 3220 ut
319 3161 446 3220 fratrum
460 3161 589 3237 legitime
602 3163 735 3236 laedetur‚
755 3179 855 3240 neque
875 3165 996 3224 demum
1011 3163 1042 3224 in

44 3247 212 3314 promissione
227 3249 460 3323 sustentationis,
475 3267 564 3326 quam
574 3249 689 3311 titulum
701 3267 813 3312 mensae
825 3254 999 3329 appellant(
1019 3258 1040 3325 l.

70 3337 134 3394 Bona
147 3337 175 3396 in
192 3336 370 3414 patrimonio
385 3338 603 3414 comprehensa
616 3357 673 3399 nee
690 3340 780 3400 vendi
804 3359 822 3401 e
842 3341 963 3416 clerico,
984 3359 1043 3404 nee

45 3425 180 3490 permutari
193 3431 329 3502 possunt,
344 3426 401 3485 nisi
415 3427 453 3486 de
467 3427 601 3504 episcopi
614 3428 742 3502 licentio,
756 3435 786 3489 et
798 3430 875 3489 lacta
893 3430 1041 3508 beneficii,

45 3509 596 3592 velaliommhonorumsubrogatione3
609 3516 679 3578 item
693 3535 750 3579 nee
770 3516 800 3578 in
819 3518 1040 3594 emphyteusim

46 3603 320 3682 cacodemones
334 3621 451 3670 maone
463 3606 608 3670 fructibus
617 3606 829 3685 respondente,
839 3624 896 3672 nee
906 3607 983 3684 cedi,
994 3609 1043 3672 vel
