2546 4082
628 187 789 252 -ud-

203 313 265 368 oeni
280 312 310 366 in
324 309 523 368 memnone
543 309 715 378 Religionum
727 315 789 378 post
801 325 903 366 annum
914 312 988 377 tuit,
1002 315 1030 366 et
1043 312 1197 378 etianpmis

202 385 238 436 od
250 398 312 437 mm
331 381 492 438 servandum
510 381 640 448 adigam
655 385 704 436 sed
717 384 777 436 hec
791 385 926 450 clumam,
939 399 1003 452 qum
1015 384 1136 452 appellari
1146 383 1200 434 solat

202 455 374 522 episcopalis,
387 468 460 508 verae
474 453 609 506 clausurae
620 455 732 508 effectus
745 470 799 508 non
807 456 897 509 habet
910 458 1061 524 Episcopus
1069 460 1148 506 tomen
1156 457 1201 520 pot·

203 532 245 580 est
258 528 419 580 clausuraee
433 539 463 578 se
477 525 610 591 impositae
621 526 769 592 ettiungere
782 541 924 580 censuram
945 525 1201 580 excommunicationis

202 603 297 652 contre
309 612 370 650 eom
381 597 525 662 violentes,
544 598 567 650 si
590 599 629 650 ite
645 601 772 666 expedire
788 600 960 666 judicaverit,
979 613 1061 665 quam
1072 601 1150 664 potest
1160 597 1202 648 sibi

201 683 350 730 reserum,
363 670 407 722 vol
421 683 484 720 non.
498 669 525 720 S.
539 669 623 734 Gong.
634 670 663 720 in
676 669 780 724 nemen.
791 670 823 722 20
836 673 905 737 Aug.
923 667 1202 737 imponebantur.

202 741 281 794 Pont.
296 741 330 794 nd
347 755 390 794 an.
410 741 479 798 leot.
497 754 559 806 pag.
574 741 633 792 228.
647 767 679 780 -
692 742 725 806 (i)
747 741 813 794 Huic
829 743 997 794 conservatio
1019 743 1144 794 clausurn
1157 752 1202 789 on·

202 813 267 864 nino
279 811 434 864 necessaria
449 817 509 872 est;
529 825 593 864 nem
608 812 637 862 S.
654 811 721 864 Pius
736 813 767 872 V,
780 813 870 865 nullas
884 815 973 866 reddit
988 827 1081 866 omnes
1092 812 1203 864 solemnes

202 883 361 936 monialium
373 883 565 950 professiones,
579 895 641 948 quae
654 883 683 934 in
696 885 858 937 monasterio
875 886 942 936 liunt
951 885 1082 938 clausurae
1095 897 1142 935 non
1153 881 1204 932 sub·

199 956 281 1022 jecto.
297 953 357 1004 Bui.
374 952 452 1006 Circa
467 952 623 1006 Pastoroih.
634 976 665 990 -
681 954 717 1019 (5)
731 954 833 1006 Verum
853 956 960 1022 quidem
974 960 1025 1019 est,
1039 955 1116 1008 etium
1127 964 1203 1003 mone·

203 1027 268 1079 ohos
284 1025 418 1077 clausurae
437 1025 490 1090 legi
512 1025 647 1090 obligari3
668 1027 717 1077 sed
738 1027 798 1078 hauc
820 1027 947 1079 clausura
964 1027 1100 1080 levissime
1118 1026 1203 1076 fertur:

202 1111 267 1150 num
280 1098 407 1150 clausura
417 1097 610 1148 monachorum
620 1098 707 1162 quom
720 1111 860 1162 egressum
870 1099 897 1149 in
908 1113 940 1151 eo
949 1100 1080 1161 consistit,
1090 1096 1153 1163 quod
1164 1108 1205 1144 no·

202 1169 306 1222 neohus
319 1169 378 1220 siue
393 1167 541 1234 superioris
565 1168 685 1231 licentia,
698 1175 726 1219 et
739 1170 812 1221 socio
836 1170 869 1221 de
892 1171 1056 1222 monasterio
1076 1170 1144 1220 exire
1162 1178 1206 1216 non
1247 1209 1248 1240 ἢ

203 1239 298 1308 possit.
315 1239 374 1290 Rul.
393 1238 493 1292 Nullus
511 1240 658 1292 Clementis
676 1240 754 1292 viil.
773 1240 867 1303 Quoad
887 1242 1040 1307 ingressum
1059 1253 1120 1292 vero
1142 1239 1166 1288 in
1181 1249 1205 1287 eo
1247 1243 1248 1308 t

203 1310 334 1374 consistit,
353 1309 425 1376 quod
446 1310 575 1364 mulieres
598 1315 675 1379 septe
696 1313 853 1364 monasterii
873 1313 924 1365 sub
945 1307 1206 1365 excommunicationis
1247 1323 1248 1354 l

203 1383 286 1449 Papae
298 1387 444 1435 resonate
456 1394 539 1448 poenn
559 1383 721 1448 regulariter
742 1384 849 1449 ingredi
863 1388 1008 1450 nequeant
1023 1385 1051 1435 S.
1065 1385 1104 1435 De
1120 1379 1207 1446 ligurio
1247 1421 1248 1426 ,

203 1453 222 1507 i.
239 1455 264 1517 7,
278 1467 305 1506 n.
317 1452 365 1505 2³0
374 1458 402 1504 et
413 1467 488 1520 seqq.
500 1453 575 1519 -(6)
589 1456 654 1521 Cep.
666 1454 738 1506 unio.
753 1455 788 1506 de
801 1458 863 1507 stet.
877 1454 964 1520 regui.
976 1455 1005 1506 in
1018 1455 1034 1506 6
1045 1473 1053 1516 ;
1066 1451 1153 1507 etbul.
1166 1449 1207 1503 lle·
1247 1453 1248 1516 j

202 1525 260 1579 cori
272 1525 301 1576 S.
317 1524 361 1576 Pii
375 1524 409 1576 V.
422 1551 453 1562 —
467 1525 504 1590 (i)
517 1525 651 1578 Doctores
663 1528 843 1578 communiter
856 1527 975 1592 tradunt,
989 1526 1061 1578 hano
1073 1535 1208 1577 excommu-
1247 1527 1248 1530 ’

203 1596 365 1649 nioahcnem
379 1608 433 1646 non
449 1609 510 1648 osse
526 1601 703 1662 reservatam,
718 1597 771 1650 nisi
783 1598 830 1650 liet
846 1597 879 1650 ad
901 1597 1004 1649 melum
1022 1597 1111 1656 duem,
1125 1598 1150 1647 et
1167 1592 1209 1646 sub

202 1670 333 1732 pretextu
356 1665 580 1734 privilegiorum
604 1669 652 1720 sed
677 1671 844 1720 reservatam
865 1667 981 1720 affimat
1005 1663 1210 1730 atrotiusque

203 1741 342 1803 tamquam
356 1743 494 1790 reservata
514 1738 632 1791 habetur
651 1753 685 1791 ex
707 1739 777 1806 stylo
794 1740 892 1792 Guriae.
906 1740 949 1792 Ad
969 1753 1029 1806 cop.
1051 1740 1075 1804 5,
1096 1752 1158 1791 sess.
1177 1735 1209 1786 tt.

203 1807 317 1861 Tridui
329 1822 362 1862 ex
376 1807 467 1861 Sacris
483 1811 642 1873 canonibus,
655 1814 686 1862 ut
699 1823 755 1870 nos,
763 1812 928 1877 explicamus
942 1812 970 1862 in
980 1814 1074 1863 nostru
1087 1811 1176 1864 Theon.
1190 1811 1211 1856 et

203 1892 280 1947 prex.
294 1879 354 1932 vic.
369 1879 456 1946 (inpii.
472 1881 538 1933 Haec
551 1873 699 1947 prohibitio
720 1897 814 1935 omnes
837 1883 1042 1948 comprehendit
1058 1878 1210 1934 Ecclesiasti-

203 1963 259 2010 cos,
274 1954 302 2002 et
314 1949 460 2004 saeculares
474 1958 501 2004 et
521 1953 613 2004 omnis
629 1953 773 2019 privilegis
787 1954 895 2006 inerunt
911 1954 1041 2019 abrogata
1052 1967 1101 2020 per
1112 1949 1209 2005 Benedi-

203 2029 276 2074 ctum
289 2021 364 2085 XIV,
377 2022 434 2074 bul.
449 2018 586 2088 Saluiano,
600 2029 627 2076 et
646 2025 702 2076 bul.
724 2023 863 2092 Hecatonis
877 2025 1024 2091 dudelino
1038 2045 1045 2077 ι
1060 2024 1210 2089 excipiuntur

203 2097 294 2146 nmen
315 2093 423 2145 seminas
447 2095 553 2147 nobiles
572 2095 605 2148 de
627 2096 731 2147 remilia
753 2111 855 2161 eorum,
875 2097 923 2163 qui
941 2097 1051 2149 suerunt
1072 2089 1209 2147 monasterii

203 2164 369 2227 fundatores,
384 2169 431 2217 aut
446 2166 567 2231 insignes
582 2167 779 2231 benefactores,
796 2182 858 2234 quae
871 2168 972 2220 idcirco
989 2169 1044 2220 tale
1058 2165 1209 2234 privilegium

204 2237 382 2290 obtinuerunt
394 2251 411 2288 a
425 2237 453 2288 S.
465 2237 544 2300 Sede,
559 2242 586 2290 et
600 2239 652 2289 suit
662 2239 698 2290 eb
711 2239 855 2292 Ordinerio
868 2239 1044 2304 recognitum.
1059 2239 1108 2290 Hae
1121 2234 1209 2288 semina

203 2307 310 2373 ingredi
320 2308 513 2359 monesterium
524 2313 646 2373 possunt,
660 2311 769 2361 monitis
781 2312 857 2374 prius
868 2311 901 2362 da
913 2310 965 2362 hoo
978 2310 1163 2378 superioribus,
1171 2303 1209 2356 sed

203 2382 308 2430 tantum
322 2392 405 2430 cause
419 2379 546 2446 pietatis:
567 2385 594 2430 et
608 2381 737 2446 ingressae
750 2386 889 2448 nequeunt
907 2395 958 2448 per
973 2382 1159 2434 monesterium
1170 2389 1208 2426 va-

204 2451 273 2516 gari,
287 2463 335 2514 per
346 2450 472 2502 cubicula
486 2451 608 2517 spatiari,
622 2455 669 2502 aut
682 2453 718 2502 ibi
729 2453 879 2512 comedere,
888 2454 932 2504 vei
942 2466 1058 2505 caeuaro.
1068 2453 1150 2516 Reges
1159 2459 1208 2498 vero
1248 2479 1249 2508 ᾗ

204 2526 232 2573 et
251 2521 363 2586 Regino)
381 2524 520 2586 nequeunt
541 2536 575 2573 ex
598 2523 697 2575 veriori
718 2525 853 2576 sententie
866 2525 1032 2576 monasteria
1046 2523 1153 2588 ingredi,
1167 2517 1208 2569 nisi
1248 2535 1249 2590 ]

203 2592 323 2644 habeant
338 2605 355 2642 a
369 2591 395 2644 S.
410 2593 480 2645 Sede
500 2593 635 2644 indultum
649 2599 711 2659 post
723 2594 898 2646 Benedictum
912 2589 1208 2652 monterotundo
1248 2591 1249 2594 ’

205 2661 347 2716 Ordinerio
372 2665 547 2730 recognitum.
561 2667 597 2715 At
617 2666 729 2730 quidem
751 2670 847 2732 putent
869 2667 999 2732 Regibus,
1014 2673 1042 2718 et
1054 2665 1158 2731 Reginis
1169 2663 1209 2712 huo

200 2735 248 2800 jus
259 2737 419 2799 competere,
433 2736 497 2800 quia
506 2736 649 2800 privilegia
663 2737 832 2801 ingrediendi
842 2738 1005 2788 monasterie
1015 2739 1124 2789 fuorunt
1134 2734 1209 2786 abluit

205 2805 365 2866 Gomitissis‚
379 2804 591 2869 Marohionissis,
602 2810 629 2858 et
643 2807 774 2866 Ducissis
788 2821 914 2860 nonvero
929 2809 1147 2860 eminentioribus
1158 2816 1207 2870 per·
1248 2817 1249 2832 l

204 2877 288 2940 souis,
302 2879 329 2928 et
351 2876 481 2940 Regibus.
501 2876 680 2930 Reiffeustuei
694 2879 727 2930 de
741 2882 802 2930 stet.
822 2879 945 2931 monach.
961 2893 988 2931 u.
1003 2880 1043 2931 il.
1059 2880 1170 2931 Barbose
1181 2873 1208 2925 od

205 2961 265 3016 cop.
279 2949 303 3011 5,
318 2960 386 3000 sess.
400 2948 442 3000 tt.
460 2947 533 3000 Trid.
546 2948 580 3000 do
594 2949 681 3015 regul.
696 2964 725 3002 n.
739 2950 778 3004 ti.
792 2950 846 3003 Sed
859 2949 919 3003 haeo
934 2951 1068 3004 sententia
1087 2965 1138 3004 nou
1148 2947 1207 3000 ride·

205 3023 250 3072 tur
262 3018 329 3072 setis
342 3022 409 3071 tute.

240 3215 303 3273 232.
319 3212 512 3274 Nihilominus
529 3214 673 3289 praedicta
698 3217 802 3292 regula
826 3216 989 3293 prohibens
1007 3215 1208 3280 lionialibusde

204 3302 385 3363 monasterio
407 3320 561 3379 egressum
582 3303 723 3364 limitatur
743 3305 774 3364 in
800 3322 872 3366 casu
885 3308 1020 3382 urgentis
1035 3306 1207 3377 necessitatis,

204 3389 248 3449 uti
260 3391 337 3450 foret
349 3389 530 3467 incendium,
546 3391 685 3452 incursus
698 3393 839 3468 hostium,
858 3395 987 3456 fluminis
1002 3393 1208 3470 inundationi

199 3477 262 3562 ,aha
275 3478 377 3540 similis
391 3496 493 3555 eausa,
507 3487 538 3542 et
550 3487 583 3540 ut
600 3481 678 3543 foret
692 3481 782 3543 etiam
801 3486 925 3544 morbus
938 3487 1038 3562 gravis
1050 3479 1208 3566 leprnepi·

206 3565 322 3643 demiae,
337 3575 389 3630 aut
401 3568 504 3646 pestis,
527 3586 587 3645 quo
608 3570 707 3647 alique
719 3572 850 3636 Romalis
865 3573 1017 3639 laboraret
1038 3595 1105 3642 cum
1118 3587 1208 3650 niem
