2566 4102
489 217 626 274 45-

43 337 119 406 luins
131 336 239 405 operis,
248 336 296 390 nbi
309 349 422 390 noemae
436 337 482 403 sit,
495 337 653 392 dinduntur
666 338 695 392 in
703 337 898 406 pmograpbos,
913 341 941 392 at
952 339 991 392 ita
999 339 1069 393 alle·

44 412 145 476 gantur,
163 423 211 460 ex.
234 423 278 475 gr.
303 409 367 474 Gap.
388 409 451 476 (λιι
469 409 501 462 in
519 409 689 464 eccktiamm
702 411 727 463 7.
746 411 892 472 econstit.;
906 415 933 463 et
947 412 1069 476 legitur=

44 486 125 551 capita
144 484 211 552 (iae
231 484 265 536 in
282 485 457 538 ecclcsiaram
470 487 594 550 septimo,
609 485 642 538 de
661 486 906 541 constitutionibus.
926 486 1070 539 brevitatis

43 570 119 608 musa
137 559 233 622 potest
247 556 337 608 omitti
350 557 466 608 verbum
482 557 595 618 initiale,
607 557 662 620 vel,
675 572 707 609 co
722 559 812 616 citato,
832 558 918 610 omitti
932 571 1071 610 numerus.

42 629 149 680 Veteres
163 633 262 678 tamen
279 627 403 678 solebant
422 641 557 693 opponere
576 627 738 680 vocabulum
757 627 854 690 doira,
870 627 904 680 ad
918 627 1073 694 significau-

13 709 18 720 '
43 699 111 762 dum,
126 698 290 750 Decretales
306 699 335 749 in
349 698 401 750 hoc
411 712 490 763 opere
501 701 639 751 contentas
651 699 744 765 vagari
759 704 835 750 extra
843 699 987 751 Decretum
1003 699 1072 751 Gra-

44 771 112 821 tiani.
135 769 261 832 Quidam
281 783 346 820 vero
370 769 530 821 recentiores
552 770 642 821 solent
664 783 800 835 apponere
818 770 924 835 signum
948 770 983 822 X.
1008 770 1072 822 Sed.

44 841 208 893 mmmumus
229 844 362 891 neutrum
382 840 559 904 observatur,
579 841 643 907 quia
664 854 714 907 per
731 841 846 909 primam
866 854 949 908 supra
971 842 1073 896 indica·

44 921 95 964 tam
108 913 272 964 citationem
285 925 330 964 res
344 911 509 964 sufficienter
522 913 697 978 significatur.
756 919 763 932 ‘

77 1085 124 1142 lt.
144 1084 261 1142 sextus
272 1079 482 1154 beorctalium
497 1080 560 1142 sive
574 1080 651 1141 liber
664 1085 768 1142 sexais
781 1079 978 1142 beoretalium
992 1098 1011 1142 a
1027 1081 1076 1142 tri·

45 1172 99 1230 bns
119 1168 334 1230 eruditissimis
355 1167 426 1228 viris
445 1168 483 1229 de
504 1170 647 1253 mandato
670 1169 809 1230 Boniiacii
827 1175 885 1232 vlit
907 1186 987 1230 anno
1006 1173 1076 1231 13110

47 1259 233 1335 compositus
246 1257 323 1332 legis
344 1258 520 1320 universalis
537 1257 743 1320 auctoritatem
757 1259 795 1318 ab
809 1259 915 1320 codem
935 1259 1077 1320 Pontiiice

47 1347 173 1408 obtinuit
188 1350 244 1419 (l).
265 1346 320 1406 llio
333 1347 484 1408 secundus
503 1348 603 1424 legum
621 1346 841 1408 Pontificiarum
859 1349 956 1410 codex
969 1355 1077 1424 proeter

48 1445 111 1498 acta
120 1439 256 1497 duorum
269 1435 465 1496 conciliorum
476 1437 660 1508 generalium
671 1437 921 1514 Lugdunensium,
936 1437 1076 1512 auctoris,

13 1579 17 1602 ,
51 1525 331 1602 etpraecedentium
349 1543 367 1586 a
385 1525 526 1602 Gregorio
552 1529 587 1586 lll
601 1526 776 1586 Pontificum
789 1527 953 1587 decretales
966 1526 1077 1602 episto-

50 1617 92 1675 las
111 1615 357 1691 comprehcndit,
378 1621 409 1674 et
428 1613 624 1675 inscribitur:
646 1615 728 1676 liber
746 1613 853 1676 Scalas
878 1615 1077 1676 Decretalitmt

49 1704 167 1762 Domini
180 1703 331 1778 Bonifacii
347 1702 434 1779 Papa
455 1704 557 1762 octoni.
576 1703 684 1763 Dicitur
702 1709 802 1764 autem
820 1703 928 1764 Scalas
942 1704 1077 1764 Decreta-

49 1793 128 1862 bum,
143 1792 216 1868 quia
232 1790 364 1867 quinque
378 1791 461 1852 libris
474 1810 491 1851 a
505 1793 645 1868 Gregorio
663 1797 709 1867 lll,
732 1793 889 1869 publicatis
910 1793 959 1854 hic
976 1798 1080 1855 sextus

13 1943 14 1950 χ
53 1881 177 1957 accepit,
193 1880 247 1956 qui
268 1880 376 1940 iterum
390 1880 576 1940 distribuitur
594 1881 625 1940 in
643 1882 718 1942 alios
740 1883 929 1942 subalternas
947 1882 1079 1958 quinque

13 1953 15 2048 i
52 1969 153 2044 libros,
171 1969 328 2028 eodemac
341 1969 369 2028 in
384 1969 488 2029 codice
503 1971 684 2048 Gregoriano
702 1970 903 2045 materiarum,
924 1988 960 2031 ac
980 1970 1079 2033 titulo·

13 2063 16 2164 l
53 2058 241 2118 mmordiue
255 2062 435 2128 servatott).

13 2187 14 2192 ’
81 2184 116 2248 (1)
129 2183 190 2234 Βιι1.
214 2177 397 2235 Sanooanctc
417 2181 541 2234 Romane
566 2181 686 2236 Ecclesia
700 2184 789 2248 operis
802 2183 913 2236 editioni
926 2184 1081 2250 preposito,

53 2257 80 2306 in
92 2269 148 2320 qua
163 2267 302 2306 canonum
316 2254 500 2306 collectionem
525 2253 645 2306 declaret
658 2255 828 2306 commissam
843 2256 975 2308 Gulielmo
990 2255 1080 2306 urchi-

52 2328 181 2391 cpiscopo
195 2325 372 2376 Ebredunen.
394 2325 559 2389 Berengario
581 2326 706 2392 episeopo
728 2327 901 2378 Biterrensi
919 2327 1033 2378 Ricardo
1049 2327 1083 2378 da

13 2431 14 2452 3
54 2397 130 2448 Senis
144 2397 280 2447 Romanae
299 2397 421 2447 ecclesiae
440 2396 683 2460 vice-cancellario,
706 2400 733 2448 et
754 2398 863 2449 mandat
886 2397 1084 2460 observarint

54 2467 243 2533 anfeotamin
250 2465 327 2518 rabac
337 2466 446 2531 agendis
456 2465 725 2532 semettridente
735 2467 766 2520 in
774 2467 1082 2533 monitumnonitum,

54 2539 82 2589 in
88 2539 216 2604 judiciis,
232 2539 300 2588 etin
313 2538 423 2588 scholis
441 2565 472 2576 -
486 2540 520 2598 lt)
534 2539 726 2602 Itaallegatur,
741 2553 783 2590 ax.
799 2553 838 2604 gr.
855 2553 914 2604 cap.
928 2543 958 2592 at
973 2539 1081 2590 anima·

54 2623 115 2662 nim
127 2611 154 2671 2,
171 2611 208 2661 do
218 2609 325 2660 constit.
341 2611 369 2660 in
382 2609 417 2671 6.·,
431 2613 459 2661 et
473 2610 585 2674 legitur:
601 2611 732 2674 capitoni
747 2611 906 2663 animorum
918 2609 1035 2661 secundo
1048 2609 1083 2660 de

56 2681 298 2734 constitutionibus
312 2681 341 2731 in
354 2684 439 2732 sarto.

87 2864 134 2918 13.
166 2856 361 2919 Clementinae
388 2863 541 2917 auctorem
566 2857 676 2917 babent
703 2857 883 2917 Clementem
915 2857 1085 2932 vejosque

53 2947 298 3020 constitutiones
322 2947 469 3022 simulque
481 2953 547 3006 acta
559 2946 675 3005 concilii
689 2946 835 3022 generalis
850 2945 1021 3006 Viennensis
1041 2947 1080 3006 ab

53 3038 163 3097 eodem
173 3035 322 3097 Pontifice
337 3036 478 3096 celebrati
490 3035 519 3094 in
536 3035 638 3108 libros,
656 3042 685 3094 et
699 3035 799 3094 titulos
813 3036 849 3094 ad
870 3035 962 3094 instar
976 3041 1084 3096 Decre-

52 3127 158 3186 talium
180 3125 328 3200 disposita
352 3126 603 3200 complectuntur.
628 3128 694 3199 lpse
717 3131 814 3183 tamen
836 3125 969 3184 Glemona
989 3127 1091 3202 morto¹

54 3222 230 3289 praeventus
247 3214 385 3274 codicem
398 3231 485 3273 auum
499 3214 689 3289 promulgare
702 3212 844 3289 nequivit,
861 3211 912 3288 qui
924 3217 1085 3286 propterca

55 3305 107 3364 fuit
121 3324 142 3364 a
159 3311 278 3365 Ioanne
294 3307 370 3362 llllll
390 3304 455 3379 ejus
476 3318 651 3362 successore
672 3320 750 3362 anno
773 3307 843 3362 1317
867 3301 1084 3377 promulgatae,

55 3401 88 3452 nt
96 3393 162 3454 rim
174 3393 254 3472 legis
266 3391 445 3452 universalis
458 3391 582 3450 haberet
595 3398 605 3464 (
625 3393 645 3458 l.

89 3520 125 3595 lt)
141 3521 204 3572 Bul.
221 3517 359 3587 Quoniam
371 3518 448 3571 nullo
462 3519 490 3569 in
503 3519 591 3571 fronte
601 3517 705 3571 'codicis
720 3518 852 3584 apposita.
866 3516 957 3582 Hujus
971 3529 1087 3569 canones

61 3589 100 3645 ita
108 3592 231 3648 citantur
247 3605 291 3646 ex.
306 3603 347 3656 gr·
363 3589 497 3656 Quoniam
512 3591 545 3644 de
558 3593 604 3643 vlt.
621 3595 649 3643 ot
661 3590 767 3644 honest.
781 3589 872 3642 cleric.
886 3588 925 3642 vel
941 3602 999 3654 cap.
1016 3587 1085 3654 Quo·
