2468 4090
450 197 557 256 ..157
576 225 612 240 ..

37 324 139 386 pens
153 319 325 389 episcopius
337 317 536 385 jurisdictionis
549 319 585 370 su
599 317 859 382 coseranensis,
873 317 915 372 vel
928 315 1047 370 meelate
1079 285 1083 289 ’

38 407 76 458 per
90 393 188 446 summi
207 392 344 444 Pontlllcis
357 391 557 444 ministerium?
571 390 623 453 Qui
637 390 829 454 immediatam,
838 405 887 456 pro
897 389 1049 456 Episcopis‚

38 463 138 529 quivero
153 463 300 514 mediatam
315 461 460 525 affirmant,
474 475 523 529 pro
538 463 613 528 Pape
626 461 784 512 decertant:
799 462 839 512 illi
854 475 904 527 pro
918 461 1050 526 collegio;

38 536 71 585 isti
83 549 127 600 pro
140 534 250 600 collegii
262 533 358 600 cupite.
374 533 484 585 Certum
498 537 549 595 est,
563 547 595 584 cx
607 531 699 593 divino
713 532 880 584 institutione
892 543 951 585 esse
963 534 1048 597 Papae

38 607 166 670 primatum
179 608 207 656 et
217 606 422 672 episcopatum
438 603 486 655 sed
500 603 572 654 hunc
586 617 646 654 csse
663 603 703 653 illi
717 615 751 652 ex
770 603 862 656 diuina
876 604 1047 656 institutione

38 678 236 730 snnrdmatum.
251 675 376 740 Apostoli
393 675 465 726 enim
479 675 695 740 subjiciebantur
709 675 790 728 Petro
803 681 831 727 et
853 689 906 727 non
928 678 1051 741 poterant

38 763 109 814 neque
121 749 253 800 ecclesias
268 747 391 805 lundata,
407 760 494 812 neque
508 747 656 813 Episcopus
675 759 779 810 creare,
794 746 847 798 nisi
863 747 892 798 in
911 748 1010 799 unione
1025 752 1052 800 et

39 821 191 886 subjectione
208 817 338 870 Ecclesiae
352 818 482 869 Romenae
506 823 532 869 et
553 819 636 869 Petri.
659 817 700 868 Ex
724 831 777 883 quo
801 819 934 883 sequitur,
949 819 1051 886 Papam

39 903 86 942 aesc
98 890 288 942 intermedium
301 892 397 940 netum
415 893 441 939 et
465 888 614 952 obligatum
630 888 702 938 inter
718 889 815 953 Deum,
828 888 932 954 quidet
946 891 973 940 at
990 889 1055 954 Epi·

39 974 142 1026 scopum,
157 962 205 1027 qui
220 960 316 1027 recipit
331 964 501 1027 potestatem.
518 959 634 1024 Phillips
650 959 685 1010 de
700 962 763 1024 jure
784 959 850 1011 eccl.
866 959 936 1023 W?
949 965 977 1010 et
994 961 1051 1027 epi·

40 1046 137 1098 scopum
150 1033 252 1084 hahere
269 1036 430 1096 potestatam
445 1030 598 1082 immediato
613 1030 693 1081 aDeo
705 1030 794 1095 quoad
805 1031 936 1096 originem
949 1035 976 1081 et
987 1031 1052 1095 mm,

41 1104 188 1155 semediata
202 1116 218 1154 a
234 1105 310 1167 Papa
323 1100 412 1167 quoad
422 1101 581 1154 exercitium
594 1105 621 1152 et
633 1100 767 1153 effectum,
780 1101 847 1153 Haec
856 1101 984 1153 resolutio
1000 1103 1050 1152 Pu·

42 1187 73 1239 pe
85 1174 228 1240 primatum
243 1179 344 1236 servat,
361 1177 389 1224 et
403 1173 534 1224 unitatem
547 1172 696 1224 Ecclesiae:
711 1186 774 1224 nam
784 1186 833 1238 per
851 1186 911 1224 cem
925 1172 1052 1238 Episcopi

41 1264 83 1302 non
95 1255 157 1302 sunt
170 1252 334 1315 correpentcs
347 1253 374 1300 et
389 1248 610 1313 independentes,
621 1252 653 1300 ut
678 1249 782 1314 possint
797 1263 846 1315 per
860 1262 890 1300 se
911 1250 940 1299 in
962 1249 1054 1314 alique

41 1321 130 1372 deitate
151 1322 295 1373 ecclesiam
313 1322 495 1381 constitnere;
519 1324 546 1371 ct
567 1325 658 1372 serrat
679 1321 786 1386 periter
806 1319 925 1371 nativam
945 1325 972 1372 et
987 1333 1051 1384 pro-

43 1393 112 1455 priam
127 1393 322 1459 Episcoporum
348 1396 528 1457 potestatem
548 1405 611 1442 uam
627 1405 678 1457 per
699 1405 758 1443 eam
779 1405 832 1442 non
855 1391 1054 1443 constituuntur

44 1464 136 1528 vicarii,
150 1469 196 1516 aut
208 1465 329 1529 Delegeti
341 1465 423 1529 Pspoe
437 1482 444 1525 3
460 1464 508 1515 sed
519 1469 627 1515 manent
640 1463 770 1515 ordinarii
784 1463 915 1514 Ecclesiae
924 1462 1055 1526 ministri,

44 1538 64 1584 et
75 1536 190 1588 Patresa
208 1537 282 1600 Papa
302 1534 497 1601 dependentes.
513 1535 614 1586 Bened.
629 1534 695 1585 XIV
709 1535 743 1585 de
757 1535 856 1600 synod.
871 1534 889 1584 l.
908 1537 930 1598 l,
944 1547 968 1587 c.
984 1533 1009 1595 l,
1026 1547 1054 1585 n.

43 1605 60 1654 i.
72 1606 159 1658 Devoti
171 1607 240 1658 Inst.
252 1609 308 1672 jur.
326 1619 385 1658 can.
403 1605 432 1657 in
444 1605 548 1672 proleg.
562 1619 586 1658 c.
596 1605 645 1672 m
660 1604 701 1672 20,
715 1605 745 1656 in
755 1610 822 1666 not.;
837 1607 863 1658 st
883 1605 976 1671 Soglia
990 1605 1054 1656 inst.

41 1678 85 1740 jur.
96 1679 160 1744 pul).
172 1679 185 1742 ξ
196 1678 239 1728 55.

70 1876 127 1932 led.
155 1876 290 1933 Potestas
317 1869 530 1947 jnrisdictionis
559 1870 713 1949 Episcopis
738 1875 913 1947 competens
944 1870 1057 1946 duplex

45 1966 87 2034 est,
97 1977 202 2036 nempe
216 1961 381 2034 ordinarie,
392 1967 517 2038 propter
531 1977 621 2037 quam
629 1959 687 2036 ipsi
702 1958 846 2020 ordinarii
859 1961 1056 2036 appellantur,

46 2065 99 2123 quae
111 2049 270 2126 episcopali
284 2049 382 2108 cilicio
397 2066 436 2109 ex
449 2051 517 2126 jure
530 2049 682 2125 communi
697 2049 835 2120 inhaeret3
850 2055 879 2108 et
893 2049 1059 2109 entraordi-

46 2139 128 2208 uurie‚
140 2155 217 2214 quae,
233 2138 409 2197 necessitate
423 2137 576 2210 suadente,
593 2138 692 2197 cilicio
705 2136 864 2214 episcopali
880 2144 965 2197 extra
979 2137 1059 2197 ordi·

47 2242 103 2285 nem
114 2233 175 2288 tum
190 2226 417 2300 consuetudine,
432 2235 496 2286 tum
510 2227 575 2302 lege
593 2227 714 2304 scripta,
731 2234 792 2286 tum
805 2226 893 2286 etiam
906 2225 1061 2302 privilegio

46 2314 88 2373 luit
102 2316 249 2390 adiuncta,
264 2315 294 2373 in
314 2332 372 2390 qna
386 2314 524 2391 Episcopi
539 2307 706 2390 procedunt
721 2321 873 2391 tamquam
886 2315 1061 2390 Apostolicae

46 2403 116 2462 Sedis
128 2403 264 2479 delegati.
275 2407 347 2462 Cum
362 2403 442 2462 eninr
454 2408 484 2462 S.
497 2402 631 2462 Pontifex
641 2403 751 2479 ubique
767 2420 828 2462 nou
843 2403 891 2476 sit,
906 2411 936 2464 et
950 2405 1061 2480 ubique

45 2490 95 2551 lere
114 2493 232 2568 negotia
242 2491 384 2563 incident,
401 2508 467 2568 quae
488 2489 566 2550 illico
581 2491 689 2549 summi
705 2490 855 2551 ronuflcis
869 2508 991 2552 manum
1007 2493 1060 2552 de-

44 2579 172 2653 siderant3
183 2581 251 2642 idco
261 2579 291 2638 in
306 2578 342 2638 iis
356 2579 536 2654 quandoque
548 2579 686 2654 Episcopi
698 2580 824 2656 delegati
839 2580 1060 2641 constituuntur

45 2670 137 2729 summi
157 2669 315 2742 pontificis,
335 2675 368 2728 nt
390 2685 425 2728 ca
449 2675 603 2744 peragent,
619 2684 686 2744 qnae
706 2670 774 2744 jure
789 2667 940 2729 ordinario
954 2671 1060 2746 nequi·

46 2758 266 2832 rentattingere.
715 2806 719 2814 .

72 2849 199 2907 Potestas
220 2844 371 2904 ordinaria
394 2844 433 2904 ab
455 2843 604 2921 episcopis
623 2851 779 2905 excreetur
792 2844 822 2904 in
844 2845 974 2907 ferendis
986 2845 1059 2924 legi·

46 2929 100 3007 bus,
115 2952 181 3010 quae
195 2933 291 2994 sacris
303 2932 468 2992 canonibus
480 2949 541 2992 non
554 2933 750 2993 adversentur
762 2939 814 3006 (l),
829 2933 858 2994 in
874 2953 1060 3011 cognoscen-

46 3019 82 3079 dis
100 3023 197 3082 causis
220 3023 260 3082 ad
281 3022 381 3082 forum
399 3021 637 3082 ecclesiasticum
659 3021 886 3098 pcrtinentibus,
905 3022 936 3082 in
951 3025 1066 3084 denun-

47 3108 145 3170 ciandis
159 3111 306 3182 censuris,
326 3109 357 3170 in
376 3110 566 3170 conferendis
590 3109 742 3169 beneflciis
760 3111 946 3186 vacantibus,
969 3129 1061 3172 exce-

46 3197 93 3268 ptis
105 3199 263 3280 reservatis
281 3206 311 3259 et
325 3198 450 3273 affectis,
466 3198 497 3258 in
519 3197 721 3274 approbandis
742 3199 945 3274 confessoris,
965 3200 995 3258 in
1010 3217 1060 3261 re-

47 3288 138 3358 gendis
157 3288 334 3348 monialibus
348 3305 408 3348 non
429 3287 585 3362 exemptis
601 3288 630 3346 in
653 3288 853 3348 concedendis
871 3288 1061 3364 indulgentiis

48 3374 122 3435 unius
135 3377 205 3438 nuni
219 3377 249 3436 in
274 3377 458 3436 dedicatione
481 3376 631 3448 Ecclesiae,
647 3383 676 3436 ct
692 3377 886 3453 quodraginta
900 3377 1015 3438 dierum
1030 3378 1059 3438 in

48 3463 100 3537 ejus
113 3465 326 3538 anniversario,
341 3474 372 3525 et
394 3464 423 3524 in
449 3465 580 3541 qualibet
593 3465 651 3524 elia
674 3466 960 3541 opportunitatem),
977 3473 1007 3530 et
1030 3467 1061 3528 in

49 3549 100 3614 aliis
112 3554 246 3630 pluribus
259 3553 413 3630 iaciendis,
426 3553 464 3616 dc
478 3551 587 3632 quibus
604 3553 673 3614 nihi
690 3554 751 3616 suis
762 3553 793 3614 in
806 3554 881 3616 locis
894 3555 991 3634 agitur
1006 3559 1060 3630 (3).
