2546 4082
392 645 594 728 TITULUS
623 645 757 729 XXIII.

241 867 278 912 bn
295 866 542 926 consummatius,
562 867 598 912 BT
615 865 928 914 uonrmrnnnrrantnus.

61 1030 241 1083 Surruaamn:
261 1031 318 1082 ilc.
335 1029 510 1084 conservatoria
529 1029 653 1096 puellarum
671 1029 725 1082 olm
747 1028 851 1096 toiemta,
864 1043 925 1082 nuuc
944 1029 1048 1095 probata.
1067 1057 1095 1068 -

97 1103 160 1154 att.
173 1104 260 1155 tiorum
273 1103 365 1156 divisio.
376 1129 407 1142 -
427 1103 482 1154 tlt.
497 1101 598 1154 Possunt
611 1101 694 1154 babere
707 1101 842 1154 clausuram.
856 1129 887 1142 -
902 1100 957 1154 tlt.
969 1099 1093 1164 Adminio,

98 1178 127 1224 et
145 1174 281 1238 gubernlum
300 1173 515 1227 luoouseusatoriis
536 1173 700 1225 aeclesiasticis.
719 1199 745 1208 -
766 1172 978 1238 anangnostae
1000 1171 1097 1236 propriis

97 1245 211 1311 parochis
223 1244 325 1310 subjecta
343 1247 443 1296 maneat.
462 1271 494 1284 -
506 1245 561 1296 245.
574 1243 774 1297 Contratcmitatas
788 1243 850 1310 quid,
870 1248 892 1295 et
912 1241 1027 1309 quomodo
1041 1242 1098 1294 diri·

101 1315 207 1369 dantur?
221 1344 253 1354 —
266 1317 323 1368 246.
340 1315 504 1368 bmlesbsticae
515 1317 539 1367 in
552 1315 656 1368 omnibus
665 1315 775 1381 episcopo
788 1315 899 1376 subsunt,
914 1315 1034 1367 saculares
1044 1328 1099 1366 varo

101 1391 130 1440 iu
143 1387 297 1454 spIritualibns
310 1388 429 1453 episeopo,
443 1392 466 1439 ot
482 1387 679 1452 intemporalibus
692 1387 749 1438 civili
763 1387 876 1452 potestati
890 1413 921 1424 —
931 1387 986 1437 tlt.
1001 1388 1022 1436 Α
1036 1389 1101 1451 pota-

103 1464 165 1512 state
181 1459 282 1524 episcopi
295 1473 418 1524 numquam
434 1463 531 1524 possunt
549 1473 601 1510 esso
621 1459 714 1510 omuino
728 1463 845 1524 exempta.
862 1485 891 1497 -
905 1457 960 1508 uls.
975 1457 1049 1508 Etiam
1061 1471 1101 1522 pa·

102 1529 178 1583 rocbo
189 1529 349 1596 subjiciuntur.
362 1556 390 1570 -
401 1529 457 1582 ilc.
468 1530 552 1582 barum
565 1529 679 1596 privilegia
692 1529 800 1582 ordmril
812 1527 975 1596 approbadono
987 1528 1097 1594 indigent.

107 1693 174 1749 tlt).
191 1687 419 1749 conservatoria
431 1695 500 1748 sunt
512 1689 648 1766 quaedam
661 1689 912 1764 congregationes
923 1688 1101 1764 puellarum,

71 1779 139 1839 sive
152 1777 321 1852 mulierum,
337 1795 404 1854 quae
425 1778 526 1838 habitu
539 1776 680 1854 peculiari
697 1777 808 1837 indutae
821 1778 877 1848 sub
890 1777 986 1853 abque
999 1777 1102 1852 regula

71 1884 248 1943 prosarum
264 1867 423 1930 securitate
437 1874 468 1927 et
484 1865 665 1944 perfectione
680 1867 870 1942 collegialiter
883 1866 997 1940 uiuunt,
1013 1865 1102 1926 nuliis

72 1955 193 2016 emissis
204 1956 291 2029 votis,
305 1957 354 2016 vel
372 1956 449 2016 vods
464 1962 578 2016 tantum
591 1954 775 2031 simplicibus
792 1955 917 2027 emissis,
939 1955 993 2015 sed
1012 1971 1102 2030 regu-

71 2045 177 2104 lariter
191 2043 256 2104 sine
270 2047 416 2104 clausurus
429 2046 496 2120 lege
509 2051 560 2116 (t).
576 2045 749 2119 Huiusmodi
763 2043 983 2104 conservatoria
997 2061 1102 2120 quam·

72 2135 146 2192 dam
169 2131 419 2192 monasteriorum
442 2132 635 2192 imitationem
661 2132 829 2204 comment,
853 2133 907 2192 sed
929 2149 1026 2208 neque
1049 2151 1102 2194 ex-

74 2237 191 2296 presse,
207 2237 305 2296 neqne
316 2221 405 2280 tacite
424 2225 484 2280 as.
500 2221 576 2281 Sede
590 2220 661 2281 utIm
675 2222 889 2297 probabantur,
905 2239 941 2282 eo
956 2222 1037 2297 quod
1050 2223 1102 2282 ad·

73 2317 267 2370 versarentur
280 2310 368 2368 bullae
382 2314 410 2369 S.
427 2309 468 2368 Pii
485 2315 505 2368 I'
518 2313 570 2383 (⁹2),
583 2327 649 2386 quae
664 2309 808 2386 praecipit,
823 2315 856 2370 ut
876 2327 980 2370 omnes
995 2311 1103 2371 blonia-

73 2400 130 2470 les,
144 2404 174 2457 et
184 2396 332 2456 lertiarIae
345 2395 379 2455 in'
391 2397 542 2457 communi
556 2397 690 2458 viventes
706 2405 775 2457 uota
789 2398 934 2472 emittant,
945 2405 975 2458 et
987 2400 1104 2459 clausu-

72 2503 142 2546 ram
164 2492 301 2558 servent3
321 2486 373 2545 sed
393 2485 583 2545 nihilominus
606 2487 644 2545 ab
666 2487 771 2546 eadem
788 2491 816 2547 S.
834 2487 909 2546 Sede
935 2488 1104 2547 toleraban-

74 2581 135 2634 tur.
159 2579 320 2650 Propterea
343 2573 394 2633 ubi
418 2573 617 2648 contingeret,
645 2579 674 2634 S.
702 2575 966 2650 congregationem
993 2577 1102 2638 debera

72 2680 169 2738 super
181 2679 262 2733 casu,
276 2662 323 2721 vel
336 2661 427 2722 dublo
439 2661 655 2721 conservatorii
668 2662 791 2739 alieuius
803 2664 970 2739 providere,
983 2679 1103 2739 semper

74 2753 106 2810 in
122 2751 187 2826 ipsa
201 2750 372 2825 prensione
386 2749 555 2826 apponebat
569 2752 743 2820 clausulam,
767 2753 850 2812 citro
865 2752 1101 2828 approbationem

76 2839 306 2898 Conservatorii.
322 2843 365 2897 Ex
381 2856 441 2914 quo
456 2839 528 2897 iliud
542 2840 730 2912 sequebatur,
754 2841 835 2915 quod
854 2841 953 2900 omnia
976 2845 1101 2901 conser-

73 2925 192 2986 vatoria
207 2925 391 3002 permissive,
406 2932 439 2985 ut
452 2927 616 3002 loquuntur
630 2932 783 3000 Doctores,
799 2929 855 2986 sub
869 2945 951 3001 cura,
968 2935 997 2988 et
1009 2929 1039 2986 in
1054 2947 1103 2989 ar-

74 3013 198 3073 bitrium
212 3014 427 3090 cpiscoporum
441 3013 688 3089 relinquerentur,
701 3015 742 3075 ita
755 3022 789 3075 nt
800 3023 921 3092 possent
931 3035 966 3076 ea
977 3003 1102 3093 erigere,

74 3104 125 3162 vel
136 3103 334 3177 supprimere,
349 3110 439 3179 prout
451 3102 556 3162 melius
570 3102 600 3162 in
614 3103 738 3164 Domino
748 3104 956 3181 judicaverint,
974 3105 1054 3182 quod
1065 3104 1103 3167 de

74 3191 243 3252 bloniaiium
254 3191 442 3252 monasteriis
453 3191 514 3251 dici
527 3209 587 3251 non
600 3199 708 3269 potest,
725 3210 852 3269 quorum
865 3194 977 3254 erectio
990 3202 1021 3254 et
1033 3212 1104 3270 sup·

76 3281 194 3357 pressio
209 3287 256 3341 est
270 3298 396 3341 summo.
412 3280 547 3341 Pontifici
560 3289 712 3341 reservata
722 3286 773 3356 (3).

113 3368 207 3430 Hodie
220 3386 293 3429 vero
311 3370 350 3430 ad
363 3371 512 3446 pietatem,
532 3377 563 3430 et
576 3370 751 3446 religionem
766 3372 926 3432 fovendam
944 3379 1104 3447 opportun-

79 3476 162 3533 num‚
178 3457 269 3518 immo
282 3465 313 3518 et
333 3456 533 3518 necessarium
554 3462 583 3518 S.
599 3458 667 3518 sedi
689 3457 785 3521 visum
805 3466 862 3534 est,
885 3461 1051 3537 puellarum
1075 3468 1106 3524 et

77 3547 236 3613 mulierum
250 3547 485 3623 conservatoria
504 3546 567 3610 siue
579 3545 721 3623 Beateria,
740 3553 773 3609 ut
787 3547 908 3626 quidam
920 3549 1034 3627 dicunt,
1049 3551 1102 3614 ad·

1257 3461 1259 3492 i

1258 3495 1259 3524 t
