2468 4090
418 285 420 291 ,
514 246 672 324 ··¹.⁸9··
762 232 765 237 '

72 363 187 430 pinquis
200 364 272 418 intra
294 364 402 418 tertium
416 367 539 432 gradum
555 368 634 420 modo
649 367 811 434 procedatur
824 381 873 434 per
884 369 989 424 sacrato
1003 363 1097 420 suffra·

72 449 141 566 ‘13de
141 436 172 558 Ξ
174 436 267 560 11ξῐοιιιεις
283 435 363 561 ¹coeno.
373 437 402 490 io
416 435 560 494 Ferentino
574 439 633 493 1834
647 445 674 492 ct
689 441 758 493 1835.
771 439 882 494 Rictbcr
891 439 926 494 ad
936 452 1005 494 sess.
1017 438 1058 502 ll.
1071 450 1097 492 c.

106 669 174 735 lito.
194 670 227 728 ln
241 667 362 730 actibus
369 669 579 747 capitularibus
590 669 703 732 decisio
715 669 835 746 maioris
849 676 879 730 et
891 668 1017 730 sanioris
1027 683 1098 746 par·

72 753 110 814 tis
124 755 305 817 attenditur:
320 758 417 834 major
431 758 539 819 dicitur
553 759 652 835 quoad
665 774 834 834 numerum,
844 764 874 818 et
887 758 987 819 senior
998 757 1099 834 quoad

74 843 245 919 consilium,
256 845 338 922 qnod
352 863 391 907 ex
402 845 660 923 cutodigniute,
674 847 842 923 prudentia,
856 853 887 907 et
899 847 1007 924 pietate
1019 845 1099 908 eari-

72 939 184 994 matnr.
201 933 348 1012 llajoritas
361 935 474 1012 duplex
487 942 543 1009 est,
557 953 665 1013 nempe
676 936 810 997 oosototo
825 937 919 996 relate
932 936 970 996 ad
983 952 1098 1011 omnes,

75 1028 104 1080 et
116 1021 246 1084 relativa
258 1025 352 1085 relate
372 1025 412 1084 od
431 1024 563 1101 singulos
581 1029 632 1099 (l).
654 1029 688 1086 ln
709 1023 878 1101 hujusmodi
901 1023 1101 1085 decisionibus

74 1107 174 1184 prima
186 1112 364 1188 requiritur3
379 1114 612 1198 nempaudeciaio
629 1113 798 1193 capitularis
815 1113 903 1174 debet
914 1113 1026 1173 habere
1036 1129 1100 1172 ma-

71 1198 172 1273 j0rem
195 1201 406 1277 suffragiorum
427 1207 543 1278 partem
565 1204 658 1263 relate
681 1203 718 1262 ed
740 1219 845 1286 omnes
862 1207 1036 1277 praeaentes‚
1050 1199 1102 1276 qui
1158 1253 1164 1260 .

75 1289 181 1348 saltem
195 1289 270 1348 duas
285 1290 385 1350 tertias
405 1291 617 1352 canonicorum
630 1290 762 1351 omnium
777 1297 877 1369 partes
890 1289 1000 1350 debent
1011 1305 1100 1365 regu·

75 1375 179 1437 lariter
193 1378 362 1439 efformare.
384 1380 458 1440 Hinc
472 1380 497 1440 si
511 1379 646 1441 canonici
659 1379 718 1440 sint
731 1379 837 1440 decem
850 1386 880 1440 et
894 1384 972 1451 octo,
987 1378 1102 1438 duode-

77 1464 135 1526 cim
150 1466 261 1528 debent
275 1484 343 1527 esse
355 1477 520 1545 praesentas
533 1470 571 1528 ad
583 1469 817 1540 deliberandum,
827 1474 858 1528 et
870 1473 986 1544 septem
997 1468 1102 1526 saltem

77 1555 189 1616 debent
202 1555 233 1616 in
244 1573 340 1617 unum
354 1558 524 1632 convenire,
540 1565 573 1618 ut
587 1558 698 1618 decisio
711 1557 827 1617 dicatur
839 1557 962 1618 efficax:
980 1571 1049 1616 nem
1061 1553 1103 1614 ibi

77 1645 224 1721 majorem
236 1646 404 1707 absolutam
417 1647 560 1708 habemus
574 1652 702 1724 partem,
716 1663 783 1724 quae
796 1651 826 1706 et
839 1644 939 1706 senior
951 1645 1013 1705 fere
1023 1661 1102 1705 sem-

80 1752 132 1810 per
153 1735 356 1812 praesumitun
379 1735 436 1796 uisi
458 1737 496 1797 de
516 1737 666 1798 contrario
684 1740 811 1809 constet,
828 1751 898 1796 cum
910 1735 1102 1810 presumptio

81 1825 167 1884 cedat
178 1823 305 1884 veritati.
318 1829 453 1885 litomeri
468 1825 491 1884 si
507 1841 606 1886 sermo
620 1825 659 1886 sit
670 1825 709 1886 de
720 1825 766 1898 iis,
775 1840 843 1900 quae
857 1822 1008 1884 canonicis
1019 1838 1102 1882 com-

6 1945 8 1974 r
79 1919 194 1990 petunt,
204 1929 265 1974 non
279 1920 312 1973 ut
325 1914 462 1991 collegio,
471 1916 523 1975 sed
536 1921 570 1974 ut
585 1913 719 1992 singolis,
729 1913 805 1973 siout
816 1914 894 1974 toret
907 1911 1016 1989 aliquid
1030 1927 1102 1972 con·

80 2005 157 2064 terre
182 2019 220 2063 ex
242 2003 365 2080 proprio
386 1997 574 2080 patrimonio,
589 2005 638 2064 vel
651 2001 855 2063 liberalitatem
868 2001 933 2061 sine
946 2018 1037 2062 causa
1050 2016 1102 2060 ne·

80 2093 237 2166 mutis,
249 2099 300 2153 aut
313 2092 430 2169 pietatis
441 2110 480 2153 ex
492 2092 580 2153 bonis
594 2090 799 2152 ecclesiasticis
811 2089 866 2150 sibi
878 2087 1104 2150 obvenientibus

79 2183 190 2256 lacere,
213 2180 325 2244 decisio
347 2181 469 2259 majoris
490 2187 521 2242 et
540 2180 665 2240 sanioris
688 2178 782 2257 partis
794 2195 855 2238 uon
870 2179 1037 2250 sufficerem
1051 2177 1105 2238 sed

79 2271 215 2332 omnium
235 2269 438 2348 requireretur
458 2286 634 2343 consensus,
651 2268 721 2346 qrr'aa
738 2267 901 2344 negotium,
917 2265 999 2342 quod
1014 2264 1106 2342 tangit

79 2376 197 2432 omnes,
211 2358 250 2419 ab
265 2357 402 2418 omnibus
417 2359 506 2419 debet
519 2358 704 2435 approbari(
724 2361 744 2428 t.

113 2449 200 2522 Quod
215 2447 345 2508 diximus
357 2448 396 2508 de
407 2448 523 2508 duabus
536 2447 630 2506 tertiis
643 2444 776 2522 partibus
795 2442 1024 2514 canonicorum,
1039 2459 1106 2518 quae

78 2539 191 2599 debent
206 2537 244 2598 ad
257 2535 440 2597 decisionem
452 2547 643 2608 concurrere,
657 2551 718 2594 non
733 2534 822 2593 habet
834 2533 944 2604 locum,
955 2530 1006 2590 ubi
1017 2529 1107 2590 iidem

79 2625 221 2688 canonici
235 2625 324 2686 etiam
337 2625 437 2686 vocati
451 2625 488 2684 ad
501 2624 665 2700 Capitulum
676 2624 784 2699 injuste
794 2620 940 2682 accedere
955 2625 1105 2692 recusent,

80 2725 130 2777 ant
139 2715 192 2777 ubi
207 2715 351 2776 accedere
364 2720 515 2792 nequeant
527 2730 535 2786 ς
546 2729 616 2773 nam
629 2718 805 2773 recinentes
820 2727 852 2770 se
864 2708 976 2769 faciunt
992 2724 1010 2767 a
1025 2706 1109 2782 Capi·
1197 2765 1202 2772 .

80 2808 143 2867 tulo
168 2804 282 2866 abacos
296 2808 348 2879 (3),
375 2811 405 2864 et
424 2802 598 2879 impotentia
621 2802 789 2877 aliquorum
803 2815 864 2858 noo
878 2798 968 2876 debet
985 2794 1058 2867 aliis,
1078 2802 1109 2857 et

80 2895 222 2960 Ecclesiae
233 2894 399 2970 praesertlm
413 2894 529 2952 obesse.
551 2891 626 2950 Hinc
639 2889 668 2949 in
683 2890 730 2948 his
744 2889 861 2948 casibus
877 2886 903 2946 si
919 2893 980 2945 tres
996 2892 1109 2945 tantum

81 2983 223 3046 cononici
236 2982 295 3042 siut
308 2988 482 3059 praesentes,
496 2987 556 3040 tres
569 2984 694 3055 possunt
707 2975 886 3050 deliberare,
899 2975 990 3034 immo
1000 2979 1029 3033 et
1037 2973 1107 3046 duo,

80 3079 110 3134 et
123 3073 214 3134 etiam
227 3088 316 3146 nnus,
331 3071 362 3152 in
376 3069 495 3146 quibua,
516 3067 607 3128 velin
630 3084 690 3144 quo
710 3066 874 3143 capitulum
894 3064 993 3124 adhuc
1011 3059 1107 3122 subsi-

81 3169 161 3226 stere
174 3167 315 3224 censetur
327 3166 379 3236 (l).

110 3303 147 3370 (t)
161 3301 228 3354 llaec
241 3300 381 3366 majoritas
395 3299 509 3351 relativa
532 3296 655 3362 sequenti
677 3294 829 3369 explicetur
847 3289 968 3357 exemplo
980 3308 987 3340 ι
1003 3288 1108 3353 suppo-

82 3387 178 3425 nemus
193 3374 335 3424 canonicos
357 3375 386 3422 in
408 3369 531 3434 Capitulo
555 3371 677 3421 volantes
698 3379 758 3418 csse
781 3363 933 3426 duodecim,
950 3366 977 3413 et
991 3359 1109 3426 quinquo

82 3445 239 3510 suffragium
255 3445 326 3496 terre
340 3456 390 3509 pro
405 3442 481 3504 (taio,
498 3443 613 3506 quotuor
626 3453 676 3506 pro
693 3436 865 3503 Sempronio,
879 3438 906 3486 et
920 3439 976 3486 tres
990 3445 1038 3499 pro
1056 3431 1105 3482 bu·

82 3518 140 3570 oio:
157 3531 207 3585 pro
221 3516 283 3568 Caio
303 3515 466 3568 habebimus
480 3513 663 3581 majoritatem
677 3509 826 3570 relativam,
841 3507 906 3572 quio
920 3505 978 3571 ipse
997 3505 1024 3554 in
1039 3501 1110 3553 votis

83 3589 167 3640 vincit
179 3587 375 3654 Sempronium,
396 3591 424 3639 at
443 3584 566 3636 Lucium.
585 3613 612 3622 -
628 3583 664 3648 (2)
678 3581 737 3632 Hoc
752 3579 857 3632 eruitur
872 3591 905 3629 ax
920 3573 1014 3640 regula
1030 3572 1111 3653 juris,

84 3672 146 3724 quae
159 3659 200 3713 sic
212 3657 378 3726 concipitur:
392 3655 467 3727 Quod
479 3669 569 3711 omncs
580 3653 678 3722 tonuit
691 3651 765 3708 debet
777 3649 811 3706 ct
824 3647 945 3705 metior
954 3643 1112 3712 opprcton·

946 3737 985 3791 il.
