2468 4090
479 276 641 333 -137-

50 399 186 461 pontificis,
202 402 230 450 et
245 397 347 465 ubique
357 397 453 450 adesse
467 411 522 449 non
535 398 630 462 possit,
641 397 758 463 justitia,
773 397 930 463 hortumque
945 397 1065 462 Religio-

48 472 84 522 nis
99 471 226 538 exposcit,
241 474 272 522 ut
284 474 397 536 peragat
409 483 459 536 per
472 470 597 536 Legatos,
616 483 678 535 quaa
691 483 740 534 per
753 482 784 522 se
808 481 940 536 peragere
962 470 1066 536 nequit.

48 543 187 595 Praesentia
200 542 311 608 quidem
325 541 354 594 S.
370 541 508 592 Pontificis
531 541 687 593 necessaria
700 546 742 592 ast
762 539 791 591 in
804 539 928 592 conciliis
950 554 1064 606 genera-

48 611 119 677 libus,
134 614 242 680 quibus,
257 612 449 678 utplurimum
463 612 589 664 Pontifex
600 611 695 678 nequit
704 623 823 678 praeesse
836 624 886 677 per
896 623 933 662 ss.
947 609 1066 664 Proinde

48 685 161 736 addicta
184 685 298 736 concilia
320 697 384 736 suos
406 683 513 735 mittere
530 683 599 735 solet
614 683 738 746 Legatos,
751 684 782 733 ut
795 681 859 734 iecit
887 681 916 734 S.
931 681 1066 747 sylvester

47 755 164 809 mittendo
176 756 212 808 ad
230 756 374 808 concilium
394 755 528 806 Nicenum
544 754 639 808 Osium
655 753 821 820 Episcopum
835 752 978 818 Gordubae,
995 757 1023 806 et
1035 753 1064 805 Β.

48 826 210 888 celestinus,
223 827 357 880 mittendo
373 827 408 878 ad
431 826 574 878 concilium
591 825 741 892 Ephesium
760 825 789 880 8.
806 824 947 892 cyrillum,
969 839 1063 893 quem·

48 899 181 952 nundum
194 913 288 954 eorum
303 898 480 955 conciliorum
491 897 606 952 historia
618 898 706 952 doeet.

73 1079 131 1136 135.
147 1076 248 1152 Legati
261 1073 328 1136 Nati
347 1073 388 1138 illi
407 1079 488 1148 sunt,
503 1071 554 1150 qui
573 1070 731 1149 legationis
744 1085 855 1132 munus
867 1069 998 1149 propriae
1016 1070 1061 1132 di·

47 1163 135 1238 gnitati
148 1165 325 1241 adjunctum
338 1164 457 1237 habent,
472 1163 584 1238 quique
604 1161 635 1222 in
653 1161 713 1222 hoo
732 1166 936 1236 perseverant,
952 1177 1061 1238 111111-

47 1269 94 1326 que
105 1252 278 1329 dignitatem
290 1252 429 1325 retinent,
445 1252 559 1327 absque
580 1267 617 1312 eo
638 1250 720 1327 quod
742 1247 887 1325 speciales
910 1247 1061 1309 pontificis

46 1340 137 1414 litterae
149 1341 350 1418 requirantur.
365 1340 440 1400 Talis
455 1344 540 1399 erant
553 1356 602 1399 ex.
618 1355 663 1415 gr.
678 1337 926 1415 Archiepiscopus
935 1342 1060 1398 (1111111-

46 1427 180 1490 1111111111
193 1429 296 1506 Anglia
309 1432 362 1504 (1),
375 1434 407 1490 et
419 1428 668 1505 Archiepiscopus
680 1426 837 1490 Remensis
850 1425 882 1486 in
902 1426 1016 1498 Gallia(
1037 1431 1059 1502 ),

46 1518 133 1580 111111.

13 1637 17 1642 ’
70 1664 101 1730 p)
111 1665 174 1731 cap.
191 1667 202 1718 1
218 1664 331 1718 aeone.
347 1664 427 1730 tegat.
444 1663 526 1730 -(1)
540 1663 605 1730 cap.
620 1659 934 1729 1111111111111Ὢ

73 1854 119 1910 136
131 1851 235 1928 Legati
250 1850 336 1926 llissi,
350 1852 399 1912 vel
414 1849 515 1912 Nuntii
528 1848 689 1925 Apostolici
703 1854 772 1910 sunt
789 1847 840 1923 illi,
858 1849 909 1926 qui
922 1867 941 1909 a
959 1850 1058 1911 Ponti-

46 1937 90 1998 ice
101 1940 137 1999 ed
150 1939 304 2015 Principes
316 1940 486 2012 mittuntur,
502 1938 613 2015 quique
626 1939 666 1998 ad
681 1943 801 2013 ternpus
814 1939 912 1998 solent
925 1939 1060 2000 osticium

46 2024 184 2101 legationis
194 2030 328 2105 explere.
339 2034 452 2088 tiorum
464 2027 622 2086 facultates
635 2027 770 2103 pendent
783 2043 801 2085 a
814 2027 966 2086 Pontificis
979 2044 1059 2089 man·

47 2113 115 2191 dato,
134 2117 217 2194 quod
240 2117 421 2193 quandoque
444 2114 619 2176 conceditur
642 2130 712 2176 cum
739 2119 887 2191 potestate
913 2117 1015 2192 Legati
1040 2135 1059 2177 a

47 2205 142 2265 tatere.

72 2296 126 2352 131.
141 2293 242 2369 Legati
255 2292 402 2353 demuma
415 2297 522 2353 Latere
536 2297 606 2352 sunt
621 2292 801 2366 cardinales,
812 2289 863 2367 qui
875 2291 969 2351 avulsi
982 2303 1072 2368 quo-·

46 2377 188 2441 dammodo
204 2401 222 2442 a
239 2383 333 2441 letcre
346 2381 506 2455 Pontifleis,
522 2382 611 2442 abeo
627 2381 665 2440 ad
682 2397 752 2440 suas
764 2379 945 2456 provinciae,
957 2381 1006 2440 vel
1019 2379 1058 2439 ad

46 2468 184 2547 Principes
201 2470 370 2546 mittuntur,
384 2487 478 2547 penes
496 2487 572 2546 quos
589 2469 689 2545 ipsum
705 2469 878 2529 Pontificem
892 2485 1057 2545 repraesen-

46 2562 104 2618 tant.
119 2558 298 2636 Apostolicis
311 2566 436 2618 utuntur
447 2557 611 2634 insignibus
627 2563 678 2630 (i),
694 2567 725 2617 et
739 2575 794 2634 per
808 2563 945 2632 receptas
958 2556 1057 2616 Ponti-

44 2645 94 2706 ficis
106 2649 231 2708 Litteras
247 2654 357 2707 11111111]
371 2647 523 2724 explicant
535 2647 753 2720 auctoritatem,
775 2653 819 2722 ut,
840 2645 913 2723 ipsis
925 2662 1056 2722 praesen-

44 2733 115 2811 tibus,
130 2740 167 2798 alt
172 2737 253 2798 erius
266 2737 366 2812 Legati
379 2736 541 2798 auctoritas
555 2741 653 2796 cesset
664 2740 719 2810 (2).

65 2899 95 2964 (1)
107 2901 170 2968 dep.
181 2902 212 2953 23
226 2901 260 2953 de
273 2901 365 2966 privil.
379 2929 410 2938 -
423 2901 459 2966 (i)
473 2901 538 2966 Gap.
553 2902 577 2964 8,
596 2901 629 2954 de
644 2899 714 2952 offic.
730 2900 812 2966 legat.
826 2902 901 2954 inter
912 2903 1026 2969 Legatos
1040 2916 1057 2957 a

44 2966 110 3021 latere
123 2977 150 3024 et
162 2973 286 3034 nuncios
300 2973 347 3037 qui
359 2974 503 3024 mittuntur
517 2985 577 3024 eum
593 2973 727 3037 potestate
741 2973 933 3038 Legatoruma
950 2975 1054 3038 Latere,

43 3035 98 3160 ἔξω
92 3042 210 3163 11111111),
226 3043 298 3109 quod
312 3043 352 3094 illi
366 3042 539 3106 ordinariam,
559 3043 605 3095 isti
629 3043 783 3108 delegatam
801 3043 920 3096 habeant
940 3045 1054 3110 jurisdi-

67 3297 120 3358 118.
139 3299 238 3360 solitae
259 3305 437 3376 Legatorum
456 3300 614 3360 facultates
639 3245 789 3362 restrictae
807 3299 968 3378 plurimum
989 3301 1052 3362 lire·

43 3389 98 3441 runt
121 3403 139 3445 a
164 3389 289 3449 concilio
316 3390 499 3464 Tridentino,
524 3390 606 3466 quod
631 3390 748 3466 Legatis
771 3389 908 3451 omnihus
931 3390 1053 3451 etiema

43 3469 128 3534 latere
140 3478 244 3552 vetuit,
256 3496 294 3540 ne
309 3485 458 3556 praetextu
474 3496 730 3556 quarumcumque
743 3481 917 3540 facultatum
930 3479 1052 3556 Episco-

43 3569 86 3707 gg}
97 3560 296 3726 incensarum
313 3567 484 3648 cognitione
508 3569 639 3645 turbent,
655 3575 706 3630 ant
719 3575 825 3630 contra
839 3569 965 3648 clericos
978 3584 1050 3645 pro-

87 3667 121 3710 an
175 3661 196 3731 ).

892 3759 916 3812 8.
