2546 4082
479 219 637 276 -239-

48 341 178 400 virorum;
199 352 287 404 neque
309 337 338 392 in
360 339 524 390 contrarium
544 338 609 390 lecit
631 337 769 390 decretum
787 338 938 390 Tridentini
957 338 986 389 in
1001 349 1069 390 sess.

49 412 85 470 15,
95 425 117 462 c.
135 411 161 469 3,
172 410 205 462 de
220 409 306 474 regul.
320 409 367 459 ubi
382 409 546 468 decernitur,
563 423 598 460 ne
618 412 764 460 conventus
779 411 953 475 Regularium
967 409 1001 460 da
1017 422 1071 460 coe·

50 485 102 536 teto
116 481 256 546 erigentur
265 479 322 532 stne
336 477 468 544 Episcopi,
486 480 517 532 in
528 481 606 545 cnjus
620 479 722 532 diocesi
736 481 863 546 erigendo
876 485 948 543 sont,
962 477 1072 533 licentia

50 551 122 617 prius
146 551 253 604 obtento
270 567 278 602 .·
296 563 358 601 nam
386 551 574 602 Tridentinum
600 565 655 602 non
681 552 833 602 immutavit
850 556 896 624 jus
920 554 1072 616 antiquum,

52 623 116 685 quod
131 621 231 674 dictam
254 622 439 672 auctoritatem
455 623 627 686 requirebat;
655 623 702 672 sed
727 623 895 687 praescripsit
916 630 1028 680 tentum,
1043 624 1073 672 ut

52 695 76 742 in
89 694 170 744 dictis
184 693 365 746 erectionibus
375 697 477 758 praeter
488 693 674 745 auctoritatem
687 695 865 758 apostolicam
885 695 996 746 deberet
1009 707 1074 758 quo·
1172 749 1175 756 Ι
1251 755 1252 762 ¹

52 777 100 828 que
120 765 286 816 intervenire
309 764 418 816 licentia
442 764 578 830 Episcopi,
605 763 705 816 Bened.
721 765 786 816 XIV
800 765 833 816 de
856 766 919 830 Syn.
940 766 957 816 l.
972 767 996 826 9,
1008 779 1031 816 o.
1051 767 1072 815 l.

54 833 105 894 Quo
120 835 218 898 posito,
240 835 318 885 facile
333 835 493 898 intelligitur
506 840 605 900 quanto
624 835 726 899 potiore
739 838 801 899 jure
816 837 970 902 Apostolice
982 841 1072 887 aucto-

54 905 114 955 ritas
125 905 154 954 in
167 906 392 956 monasteriorum
407 905 563 957 Monielium
573 905 705 958 erectione
716 906 880 958 intervenire
893 907 998 964 debeat,
1013 919 1075 956 cum

53 975 124 1040 prius
137 979 261 1028 constare
274 976 372 1028 debeat
386 976 419 1027 de
433 977 593 1028 necessariis
609 976 750 1038 reditibus,
765 978 822 1028 sive
835 977 1010 1044 proventibus
1026 989 1075 1042 pro

54 1047 121 1108 vitoe,
136 1047 302 1106 monasterii,
316 1049 342 1098 et
352 1046 469 1098 instituti
482 1047 693 1106 conservatione
709 1047 755 1110 qui
771 1048 874 1099 reditus
888 1050 915 1099 et
929 1052 1075 1112 proventus

54 1130 98 1181 pro
112 1117 141 1167 n
156 1119 319 1168 monialibus
333 1117 519 1169 sustentandis
536 1131 589 1169 nou
611 1125 724 1184 possunt
745 1131 804 1170 esse
818 1119 936 1170 minores
951 1117 996 1170 ³00
1014 1131 1075 1168 scu·

54 1193 167 1239 tatorum
181 1189 284 1240 reditus
299 1190 390 1250 annui,
405 1192 436 1238 ut
449 1189 531 1240 tradit
545 1188 682 1240 Geventus
702 1190 730 1240 in
752 1189 860 1241 mauud.
882 1189 957 1242 verb.
972 1187 1076 1242 idonia-

55 1257 117 1310 iium
130 1260 315 1324 monosteric;
330 1273 445 1324 cumque
467 1261 593 1312 similiter
614 1265 737 1312 constare
754 1262 831 1326 prius
849 1261 947 1312 debeat
967 1260 1001 1312 de
1018 1258 1076 1318 loci,

55 1328 80 1378 in
99 1343 153 1394 quo
176 1331 292 1395 erigitur
314 1330 515 1392 monasterium,
538 1332 690 1391 securitate,
708 1334 735 1382 et
757 1333 967 1397 opportunitate.
990 1331 1077 1381 Locus

57 1401 122 1450 enim
137 1401 219 1453 debet
240 1415 300 1452 esse
315 1403 386 1452 intra
399 1401 505 1465 urbem,
520 1402 563 1454 vel
582 1403 720 1470 oppidum,
737 1403 766 1453 in
790 1417 842 1466 quo
863 1407 904 1455 est
918 1401 1077 1468 populorum

57 1470 219 1536 frequentia:
234 1477 259 1524 et
274 1472 297 1524 si
311 1473 378 1524 iorte
393 1475 471 1524 extre
484 1472 644 1537 oppidorum
654 1475 756 1524 moenia
767 1479 920 1526 constructe
929 1473 1077 1538 antiquitus

56 1541 149 1604 luerint
166 1545 339 1604 monasteria,
354 1543 389 1593 ed
403 1543 525 1593 civitates
538 1547 564 1594 et
576 1544 676 1611 oppida
690 1548 752 1596 suut
771 1545 929 1603 revocanda,
948 1558 982 1594 ne
995 1542 1077 1594 molo·

57 1625 114 1662 rom
134 1613 275 1666 hominurn
302 1613 396 1679 prede
417 1618 442 1666 ct
463 1612 525 1666 otiis
543 1613 710 1678 facinoribus
723 1615 853 1666 moniales
868 1616 922 1666 sint
938 1614 1076 1678 exposita.

58 1683 124 1734 Trid.
139 1699 208 1736 sess.
223 1687 263 1744 25,
279 1700 301 1736 c.
314 1687 339 1746 5,
349 1685 383 1736 de
399 1684 485 1749 regui.
498 1687 582 1736 Locus
596 1687 706 1752 insuper
718 1687 798 1737 debet
811 1701 870 1738 esse
884 1700 962 1737 muro
975 1687 1078 1737 cinctus

58 1754 118 1806 alias
133 1771 187 1807 non
202 1762 292 1822 posset
311 1757 459 1808 subsistere
476 1756 599 1807 clausura
610 1777 616 1817 ;
629 1761 656 1808 et
676 1758 777 1809 hebere
790 1759 959 1811 sacerdotum
974 1757 1077 1823 copiam

59 1840 100 1890 pro
114 1827 213 1878 divinis
224 1827 394 1878 celebrandis
408 1827 514 1888 officiis,
526 1831 553 1879 et
566 1829 781 1880 confessionibus
792 1829 943 1880 audiendis.
958 1827 1079 1880 Barbose

58 1893 111 1946 Jur.
125 1899 191 1950 eccl.
206 1900 280 1948 univ.
298 1897 316 1948 l.
331 1898 355 1959 i,
371 1913 394 1949 c.
411 1899 449 1958 n,
466 1913 494 1949 n.
511 1899 548 1950 15.
564 1899 591 1950 S.
607 1900 689 1963 Cong.
704 1901 793 1966 Episc.
812 1904 839 1950 et
860 1901 955 1964 flegul.
978 1900 1006 1950 13
1030 1899 1077 1951 Se·

59 1969 154 2029 ptemb.
170 1969 240 2020 1583.
255 1997 285 2007 -
299 1969 335 2034 (t)
349 1969 518 2021 Restauratio
533 1975 594 2037 post
609 1971 829 2037 suppressionem
840 1971 898 2022 lieri
913 1971 1014 2036 nequit,
1026 1970 1078 2022 nisi

55 2037 82 2088 S.
97 2040 174 2091 Sedis
188 2041 354 2094 auctoritate.
370 2039 455 2092 Porro
472 2042 628 2107 suppressio
645 2047 733 2106 potest
752 2055 812 2093 esse
833 2042 942 2106 duplex,
954 2042 1025 2108 Juris
1035 2041 1078 2091 ui-

59 2108 161 2170 mirum,
178 2115 204 2163 et
217 2113 288 2162 iacti.
303 2113 394 2162 Prima
403 2112 487 2162 habet
497 2113 585 2162 locum
596 2127 657 2163 curn
668 2114 742 2177 Papa
752 2115 913 2181 monasterio
923 2114 1079 2164 canonicam

61 2180 225 2234 existentiam
246 2182 333 2243 tollit;
356 2183 475 2234 secunda
493 2197 556 2234 vero
575 2197 636 2234 oum
652 2190 763 2234 externe
776 2187 896 2250 potestas
910 2197 959 2249 per
973 2186 1028 2236 vim
1043 2184 1080 2235 ita

60 2254 217 2305 monasterio
232 2253 339 2304 civilem
361 2254 530 2304 existentiam
548 2255 626 2318 tollit,
640 2257 670 2304 ut
684 2253 810 2318 religiose
823 2255 937 2306 societas
950 2253 1080 2306 dissolva-

61 2322 107 2372 tur.
121 2325 160 2375 De
182 2324 373 2390 suppressione
393 2325 464 2389 juris
484 2337 564 2376 nemo
585 2325 710 2376 dubitare
730 2329 828 2390 potest,
842 2338 911 2390 opus
931 2339 991 2377 esse
1011 2337 1081 2376 nove

62 2391 194 2445 pontilicis
209 2395 354 2453 erectione,
367 2399 398 2446 ut
411 2397 603 2446 monesterium
616 2397 714 2446 iterum
724 2398 851 2448 canonice
862 2397 978 2448 existere
985 2399 1080 2461 queste

62 2461 85 2512 in
96 2466 288 2530 suppressione
301 2479 364 2517 vero
382 2467 446 2516 iacti
465 2466 537 2518 idem
553 2468 698 2518 dicendum
713 2469 773 2532 erit,
787 2469 810 2519 si
825 2469 939 2519 societas
954 2467 1081 2532 religiose

61 2547 118 2586 rere
133 2537 267 2588 dissoluta
288 2537 378 2595 tuerit,
393 2537 419 2588 id
441 2543 483 2588 est
501 2539 524 2589 si
544 2537 690 2603 Religiosee
714 2539 814 2590 luerint
827 2555 841 2590 e
855 2539 1019 2591 monasterio
1032 2551 1080 2589 ex·
1136 2585 1140 2594 .

62 2606 152 2668 pulsae,
166 2621 314 2672 eorumque
327 2606 399 2659 bona
415 2613 554 2673 occupata,
568 2610 678 2674 quiade
692 2611 762 2660 iacto
777 2611 805 2660 in
819 2609 893 2662 bisce
907 2612 1081 2662 circumstan-

62 2676 102 2728 tiis
111 2679 306 2730 monesterium
316 2692 491 2745 perseverare
501 2679 595 2744 nequit
606 2701 612 2730 z
624 2681 737 2745 ideoque
748 2684 885 2747 tamquam
895 2681 929 2732 de
939 2682 1008 2732 iacto
1020 2693 1083 2744 sup·

62 2758 182 2808 pressum
189 2763 258 2800 nova
266 2751 399 2815 indigebit
408 2751 506 2801 summi
515 2751 650 2802 Pontiilcis
661 2752 838 2814 institutione,
848 2753 891 2803 vei
900 2753 928 2802 in
936 2752 1083 2816 pristinum

63 2821 239 2880 restitutione:
251 2826 282 2871 ut
294 2821 358 2883 lete,
374 2822 532 2885 rationibus,
548 2823 626 2874 iactis
646 2829 672 2873 et
685 2823 714 2874 S.
730 2823 952 2888 Congregationis
967 2823 1081 2874 decisio·

63 2889 140 2942 nibus
155 2892 323 2943 demonstrat
335 2893 445 2943 Auctor.
460 2893 537 2942 linai.
560 2891 619 2944 dur.
634 2893 713 2943 Pont.
731 2893 765 2944 ad
784 2908 827 2943 eu.
853 2895 921 2956 1857,
931 2907 1017 2944 mens.
1033 2893 1082 2944 Ss-

65 2965 161 3022 ptemb.
176 2970 203 3014 et
222 2963 315 3016 Octob.
332 2976 394 3029 pag.
411 2963 453 3014 lei
467 2968 493 3014 et
507 2976 582 3028 seqq.
597 2991 623 3002 -
638 2964 672 3028 (3)
686 2965 784 3016 Veram
798 2965 960 3016 monasterio
974 2965 1083 3018 eleusu-

66 3043 119 3083 ram
130 3035 245 3100 imponit
260 3048 381 3085 summus
396 3035 517 3085 Pontifex
531 3035 692 3099 regulariter
701 3050 750 3101 per
763 3036 943 3086 ministerium
957 3033 1084 3101 Episcopi

66 3107 205 3170 postquem
222 3105 254 3156 de
278 3105 398 3169 impletis
412 3106 537 3156 omnibus
556 3106 754 3157 conditionibus
777 3107 938 3157 necessariis
956 3109 1027 3157 certo
1044 3103 1085 3154 illi

68 3178 177 3227 constet.
193 3176 260 3226 Cum
274 3177 348 3240 Papa
362 3176 516 3226 clausuram
535 3177 638 3242 indicit,
653 3177 704 3228 hoc
720 3177 779 3240 ipso
793 3177 933 3242 significet,
946 3178 974 3228 in
992 3177 1084 3228 clauso

67 3247 228 3298 monasterio
240 3251 302 3298 vota
312 3247 443 3298 solemnia
453 3247 548 3309 emitti,
560 3248 613 3298 nisi
624 3249 787 3298 contrarium
798 3247 921 3311 explicet,
935 3252 965 3299 ut
975 3247 1086 3312 contigit
1138 3269 1140 3276 v
1180 3232 1188 3254 “

68 3312 94 3364 in
105 3317 241 3369 decisione
255 3319 281 3369 S.
297 3318 515 3383 congregationis
532 3319 619 3382 Episc.
637 3324 664 3370 et
678 3318 775 3383 Regni.
793 3320 816 3369 6.
840 3319 966 3370 Decemb.
984 3319 1054 3378 1839,
1069 3330 1086 3370 a

68 3383 192 3454 Gregorio
208 3389 274 3440 XVI
290 3389 454 3451 confirmate,
468 3389 496 3440 in
515 3402 569 3454 que
589 3390 714 3440 clausura
739 3389 844 3456 papalis
865 3391 1013 3455 imponitur
1026 3389 1082 3442 cui·

68 3456 124 3510 dam
139 3459 216 3526 regni
230 3461 402 3528 Neapolitani
419 3461 582 3512 monasterio
600 3461 756 3526 Monialium
773 3464 835 3512 vota
846 3461 986 3527 tsimplicia
999 3461 1082 3526 proii-

69 3529 186 3584 tentium.
196 3531 254 3584 ¹Sed
265 3533 390 3598 Episcopi
404 3547 511 3598 quoque
524 3535 639 3597 possunt
647 3532 798 3584 clausurum
811 3533 962 3598 virginibus
975 3533 1004 3584 in
1018 3547 1083 3586 con-

70 3607 147 3658 ventu
160 3602 322 3670 degentibus
331 3603 479 3670 imponere,
493 3605 534 3658 uti
548 3603 725 3658 communiter
738 3611 851 3670 egerunt
863 3604 989 3672 Episcopi
999 3603 1085 3662 esui·
