2546 4082
441 231 598 288 ..235-
690 249 693 255 -

18 363 69 424 ruae
83 349 171 410 sicut
187 349 219 409 in
236 348 307 411 viris
328 352 369 422 (Ξ)
388 351 558 411 consistunt
570 351 601 410 in
621 353 778 414 vocatione
798 354 836 415 ad
854 353 1038 431 religionem,

18 441 37 496 n
54 437 229 514 aptitudine
247 439 286 498 ad
309 437 445 500 ordinem
465 441 643 513 regularem,
664 441 743 501 etin
773 443 895 519 speciali
913 443 1039 521 disposi-

18 526 84 586 ione
99 527 143 588 sd
158 527 273 588 ordinis
287 528 513 589 constitutiones
529 529 734 590 observandas
751 535 802 606 (3).

39 665 71 729 (1)
88 665 240 732 Nequeunt
256 666 286 716 in
304 668 466 719 monasterio
481 669 585 721 admitti
606 670 737 724 moniales
752 670 825 721 ultra
837 685 980 724 numerum
997 676 1040 724 ta-

18 741 99 787 natum
113 739 198 802 juxta
221 741 352 803 cujusque
377 739 509 804 redditus,
529 743 586 795 sive
601 746 756 808 proventus,
770 746 800 792 ut
810 741 922 795 Sorores
938 745 1042 810 absque

18 810 129 874 penuria
151 810 299 861 sustentari
321 811 433 875 possint.
455 812 518 877 Gap.
534 814 607 865 unic.
630 813 665 864 de
691 816 751 864 stat.
767 813 853 877 regul.
876 814 903 864 iu
922 815 1043 875 63Trid.

18 892 78 930 sess.
100 882 146 944 25,
163 894 187 930 c.
202 881 226 941 3,
240 881 274 932 de
291 883 387 946 regule
403 885 429 933 et
442 883 502 935 bul.
521 885 563 935 Pii
579 885 613 944 V,
638 881 714 936 dirce
731 883 883 948 pastoralis,
906 886 959 936 nisi
976 885 1044 937 forte

18 951 112 1014 puella,
127 951 205 1002 ultra
215 965 359 1002 nnmerum
375 954 529 1019 recipienda
543 956 662 1006 obtineat
673 955 857 1022 Apostolicum
869 955 1002 1006 indultum
1018 961 1045 1006 et

18 1020 156 1086 duplicem
171 1022 264 1074 efferat
278 1025 441 1075 monasterio
459 1025 559 1076 dotem.
580 1055 611 1064 -
624 1027 659 1091 (t)
677 1029 698 1076 Α
721 1029 793 1076 statu
811 1027 968 1077 monialium
991 1040 1045 1078 non

19 1093 201 1145 excluduntur
214 1094 321 1144 feminae
339 1108 401 1159 quae
415 1095 470 1146 sint
483 1109 537 1147 aere
552 1097 639 1148 alieno
653 1101 781 1161 gravate,
803 1102 852 1147 aut
864 1097 987 1148 obnoxiae
1001 1110 1044 1147 rs·

19 1163 137 1216 tionibus
154 1163 301 1216 reddendis
316 1185 323 1214 :
337 1178 400 1216 nam
412 1166 558 1228 prohibitio
570 1168 597 1218 in
618 1168 670 1218 hoc
683 1167 754 1218 lacta
769 1183 785 1218 e
799 1167 847 1218 Pio
866 1167 887 1219 V
907 1181 955 1234 pro
969 1167 1045 1226 viris,

23 1236 152 1287 moniales
167 1249 221 1287 non
234 1236 446 1302 comprehendit.
460 1237 590 1290 Similiter
606 1252 660 1290 non
683 1238 836 1289 excluditur
853 1239 962 1297 lemine,
974 1241 1044 1289 stra·

21 1302 60 1367 ba,
75 1306 187 1369 clauda,
204 1307 328 1372 gibboso,
344 1311 404 1366 ete,
418 1309 482 1372 quia
495 1309 576 1361 decor
590 1309 654 1360 filiae
677 1309 761 1373 Regis
775 1309 809 1360 ab
825 1309 915 1371 intus;
932 1323 983 1362 neo
1002 1323 1046 1360 ex·

22 1375 133 1430 cluditur
151 1392 185 1430 ex
199 1378 312 1430 concilio
329 1379 485 1430 Tridentino
503 1381 611 1444 semina,
625 1393 687 1445 quae
709 1394 793 1431 annos
817 1381 958 1432 duodecim
972 1395 1047 1432 eom-

22 1447 108 1510 plevit.
134 1463 204 1502 sess.
219 1450 265 1511 25,
284 1462 306 1500 o.
327 1449 404 1500 ilde
420 1451 504 1514 regul.
523 1450 688 1503 Monaeellus
702 1453 794 1502 lamen
814 1452 848 1503 nd
862 1452 1049 1517 recipiendum

22 1517 141 1571 habitum
170 1521 284 1586 requirit
313 1523 419 1572 aetatem
440 1521 594 1586 quindecim
612 1535 743 1573 annorum
768 1536 801 1573 ex
818 1523 933 1588 quodam
953 1522 1047 1574 decre-

26 1591 50 1638 to
65 1604 154 1643 secrae
181 1593 410 1656 congregationis.
436 1593 509 1643 Part.
531 1594 553 1656 1,
577 1598 596 1644 t.
614 1593 651 1656 ll,
673 1594 724 1645 sor.
739 1594 763 1654 7,
787 1607 814 1644 n.
835 1595 863 1655 3;
878 1599 904 1644 et
927 1595 1048 1645 eamdem

27 1663 128 1713 etatem
156 1663 287 1729 expletam
315 1663 469 1728 praesoribit
497 1664 620 1728 Synodus
646 1665 799 1716 dioeoesana
820 1665 970 1716 Genuansis
997 1665 1057 1733 sub¹

27 1730 93 1783 lulio
114 1734 217 1785 Gentili
240 1733 450 1799 Arehiepisoopo
472 1736 615 1787 celebrata.
634 1736 708 1786 Part.
728 1736 752 1797 3,
767 1750 791 1786 o.
809 1738 831 1786 5.
850 1737 903 1787 Pro
925 1737 1050 1801 ingressu

28 1806 112 1855 autem
128 1805 291 1866 oblatarum,
306 1808 333 1857 et
357 1805 557 1856 educandarum
577 1806 675 1857 sufficit
693 1811 760 1857 retas
781 1812 885 1871 septem
907 1820 1049 1858 annorum.

28 1875 101 1940 -(3)
118 1877 188 1926 Duce
208 1879 312 1927 tantum
333 1889 440 1928 sorores
464 1880 577 1942 possunt
600 1877 628 1927 in
651 1877 745 1928 eodem
766 1878 928 1930 monasterio
953 1877 1048 1943 recipi,

30 1946 95 2008 quod
112 1950 246 1998 statutum
262 1961 278 1999 a
300 1947 327 1998 S.
341 1948 554 2013 Congregatione
568 1949 627 2008 fuit,
646 1963 680 1998 ne
694 1950 722 1998 in
735 1949 899 2000 monasterio
921 1949 1052 2000 sactiones

31 2017 170 2068 orirentur.
184 2019 367 2070 Nihilominus
382 2032 414 2070 ex
436 2019 464 2070 S.
489 2018 568 2069 Sedis
586 2019 695 2070 licentia
711 2023 801 2083 posset
819 2019 903 2084 recipi
921 2021 1001 2070 tertia
1025 2023 1053 2070 et

31 2097 130 2152 quarta,
149 2090 228 2140 modo
243 2091 324 2140 tertia
345 2089 437 2142 afferat
457 2089 568 2153 duplum
587 2091 666 2150 dotis,
689 2095 717 2142 et
737 2095 835 2155 quarta
857 2091 982 2156 triplum;
1003 2089 1051 2141 sed

32 2155 85 2209 due
98 2164 207 2212 tantum
221 2175 327 2212 sorores
341 2166 455 2228 possunt
469 2161 570 2211 babere
584 2175 675 2212 vocem
691 2161 719 2211 in
731 2161 858 2226 capitulo,
872 2175 927 2225 qua
940 2162 1052 2226 reliqum
1138 2197 1145 2210 .

32 2232 177 2290 privantur.
194 2233 355 2283 Pelizzarius
366 2233 391 2283 d.
405 2234 424 2283 l.
434 2247 461 2282 n.
477 2232 518 2281 ll.
534 2233 612 2282 Auel.
626 2231 684 2283 dur.
702 2233 778 2283 Pont.
798 2245 851 2283 ser.
867 2233 890 2293 l,
904 2245 966 2298 pag.
983 2231 1052 2296 1552,

33 2312 54 2351 n.
74 2303 113 2353 84.
128 2303 291 2354 Nouissimas
306 2302 407 2366 regulas
426 2317 475 2368 pro
504 2303 642 2362 monachis
664 2303 825 2364 constitutae,
845 2303 878 2354 de
903 2303 1003 2368 quibus
1024 2303 1053 2352 in

35 2374 195 2433 precedenti
211 2374 287 2424 titulo
302 2375 415 2437 egimus
434 2387 466 2424 ex
480 2376 575 2424 nostra
592 2375 725 2424 sententia
738 2387 791 2423 non
809 2373 935 2423 videntur
952 2373 986 2423 ad
999 2387 1054 2424 rno-

34 2444 114 2497 nialea
129 2445 248 2506 extendi,
264 2445 346 2496 salvis
359 2445 477 2503 casibus,
497 2445 525 2494 in
541 2445 640 2510 quibus
655 2457 781 2509 expresse
796 2445 977 2502 nominantur,
991 2443 1055 2508 quia

37 2513 65 2576 td
77 2517 151 2566 viros
163 2515 310 2566 monachos
325 2517 488 2567 reseruntur.
503 2515 581 2566 Unde
593 2515 750 2566 monialium
765 2518 891 2580 receptio,
900 2515 1054 2577 novitiatus,

36 2587 57 2633 et
68 2587 200 2650 professio
217 2586 342 2637 videntur
356 2587 444 2638 adhuc
456 2586 509 2637 sub
527 2586 702 2653 dispositione
717 2585 789 2652 juris
803 2587 952 2638 communis
964 2599 1053 2638 rema-

34 2666 99 2718 nere,
109 2658 202 2710 ‘donec
217 2657 297 2708 aliter
311 2656 339 2709 S.
354 2658 438 2709 Sedes
452 2657 590 2708 decernat,
946 2657 951 2669 ’

63 2820 125 2877 229,
146 2819 183 2876 Ut
196 2815 270 2876 liber
284 2817 407 2876 omnino
422 2816 459 2875 sit
472 2817 579 2892 puellee
593 2816 631 2875 ad
651 2814 852 2876 monasticum
869 2815 1012 2889 habitum,
1027 2820 1058 2875 et

34 2905 245 2976 professionem
268 2921 418 2976 accessus,
439 2905 708 2964 excommunicatio
734 2905 846 2964 indicte
869 2905 955 2964 estin
976 2921 1055 2976 eum,

37 2993 79 3065 qui
91 2995 221 3070 aliquem
234 2992 392 3069 virginem,
403 2995 451 3052 vel
462 2993 602 3071 feminam
616 2992 654 3052 ad
668 2992 896 3068 ingrediendum
907 2997 1057 3052 monaste-

36 3079 103 3142 rium
118 3083 402 3158 quomodocumque
419 3081 526 3156 iniuste
548 3081 689 3158 coegerit,
705 3081 781 3141 etin
797 3098 876 3152 eum,
892 3080 943 3155 qui
954 3081 1058 3140 volen-

39 3173 92 3230 tem
111 3171 228 3246 ingredi
250 3169 314 3230 sine
329 3172 409 3246 justa
424 3187 516 3230 causa
533 3169 699 3245 impedierit
728 3172 781 3240 (l).
808 3174 844 3228 Et
871 3168 993 3243 insuper
1019 3167 1057 3226 ad

39 3261 167 3320 eamdem
179 3260 348 3321 libertatem
361 3259 457 3334 magis
471 3258 684 3334 experiendam
699 3259 823 3326 decreta
836 3256 891 3316 fuit
905 3274 922 3315 a
936 3257 1057 3316 Triden-

38 3344 90 3408 lino
101 3348 267 3424 exploratio
281 3348 443 3408 voluntatis
465 3349 581 3422 puellae,
602 3363 691 3422 quam
711 3346 778 3407 fleri
802 3362 855 3421 per
879 3342 1059 3421 Episcopum

39 3437 151 3498 mandat
164 3443 232 3497 ente
250 3435 369 3497 habitus
384 3436 616 3511 susceptionem,
631 3436 693 3495 sive
705 3442 773 3494 ante
784 3433 1011 3510 professionem,
1027 3439 1060 3492 ut

41 3521 196 3603 delegatur,
209 3543 248 3590 an
262 3525 300 3585 sit
311 3530 427 3599 coacta,
443 3526 491 3584 vel
514 3525 647 3598 seducta,
667 3525 715 3584 vel
735 3523 810 3583 sciet
830 3522 900 3598 quid
922 3528 991 3598 agat
1006 3525 1058 3595 rt).

40 3612 67 3672 b
87 3615 238 3692 plerisque
264 3613 445 3676 dioecesibus
463 3612 672 3674 introductum
698 3619 756 3687 est,
776 3619 810 3674 ut
832 3612 925 3672 semel
944 3617 1061 3682 tautum
