2490 4088
610 174 772 230 ..ffl-

166 299 234 355 rent
253 297 304 366 (t).
321 291 453 368 benique
466 292 592 352 verbum
610 310 734 370 praeesse
747 292 858 354 indicat
877 293 1025 353 honorem
1046 293 1213 354 sacerdoti

167 381 359 443 tribuendmn
368 381 497 442 maxime
512 381 541 440 in
557 383 701 444 Ecclesia.
1233 411 1234 422 κ

199 547 235 612 (l)
249 545 417 598 Sacritlcium
429 547 549 615 quotidie
567 548 720 600 sacerdotes
733 550 846 613 possunt
861 546 966 611 offerre,
981 549 1097 611 excepto
1112 547 1211 597 triduo

167 619 262 671 mortis
277 619 397 680 Domini,
413 620 465 670 nisi
484 621 623 684 aproprio
643 620 772 685 episcopo
794 620 1006 685 suspendantur,
1022 618 1065 669 vel
1085 618 1122 669 ad
1138 618 1212 668 alias

72 702 78 716 ·
168 689 299 741 dioecesas
313 689 371 741 sina
379 689 475 740 litteris
484 689 708 742 commendatitiis
724 705 753 742 sa
767 690 913 752 conserant,
931 697 984 754 quo
999 703 1066 740 casu
1082 689 1118 740 ad
1138 690 1214 740 cele-

168 760 312 824 brandum,
324 759 411 812 valed
425 767 593 813 sacramenta
602 761 780 813 ministranda
793 775 847 812 non
862 764 924 812 sunt
934 760 1095 811 admittendi
1111 775 1150 811 ex
1162 761 1212 811 de-

169 835 242 885 creto
256 831 406 882 Tridentini
420 831 448 882 in
458 833 574 894 seseli,
590 845 612 882 c.
623 833 661 894 16,
675 832 708 884 de
719 833 777 892 rel,
791 833 863 898 quod
872 832 1013 884 inductum
1025 835 1068 882 est
1080 836 1114 882 ut
1124 833 1213 882 frau-

171 904 220 955 des
238 903 367 962 vitentur,
382 908 410 954 at
425 906 455 954 ut
467 903 604 955 criminosi
619 909 756 969 nequeant
769 904 883 955 aliorum
897 902 1062 955 dioecesibus
1093 903 1212 954 obesse.

171 975 263 1038 Queri
281 974 326 1026 hic
349 978 446 1042 potest,
462 989 497 1025 an
511 974 681 1038 ordinarius,
696 976 731 1027 ad
756 977 834 1041 cujus
857 975 995 1028 dioecesim
1009 975 1151 1026 accedunt
1169 989 1215 1024 sa·
1235 963 1236 1014 l

172 1046 296 1099 cerdotes
316 1046 411 1108 exteri,
432 1050 514 1112 queat
527 1059 574 1098 eos
594 1060 611 1097 a
625 1047 652 1097 S.
672 1047 809 1098 Sacrificio
824 1045 985 1098 celebrando
999 1045 1050 1096 hac
1068 1045 1104 1096 de
1120 1059 1214 1096 causa

173 1117 313 1183 repellere,
326 1117 390 1182 quia
398 1118 483 1168 exteri
491 1121 566 1179 sunt,
578 1121 605 1169 et
613 1118 647 1170 ad
657 1117 796 1170 dioecesim
808 1132 862 1169 non
874 1119 1029 1182 pertinenti
1042 1117 1214 1181 Responde·

173 1201 245 1250 mus,
260 1188 420 1253 Gregorium
434 1189 508 1251 XVI,
519 1188 589 1241 hanc
602 1191 778 1253 quaestionem
793 1188 1000 1240 examinandam
1008 1188 1213 1253 congregatio·

175 1261 204 1311 ni
219 1259 402 1310 Cardinalinnn
424 1261 610 1325 commisisse,
630 1275 647 1311 a
664 1275 718 1325 qua
735 1261 787 1310 luit
802 1260 933 1322 decisum,
950 1260 1020 1311 hanc
1036 1261 1150 1325 praxim
1167 1274 1215 1310 re-

171 1330 290 1396 pellendi
303 1333 445 1382 extraneos
470 1345 524 1382 non
544 1345 603 1384 esse
616 1333 715 1398 injure
729 1331 887 1393 fundatam,
903 1333 984 1384 immo
999 1332 1104 1396 regulis
1119 1344 1212 1382 cano-

173 1403 241 1454 nicis
262 1404 371 1454 omnino
398 1403 559 1454 contrariam
576 1403 610 1453 ob
627 1403 720 1468 gravia
734 1403 814 1466 mala,
838 1417 900 1467 quae
914 1407 1031 1467 possunt
1048 1402 1115 1453 hinc
1128 1403 1212 1452 deri-

172 1487 247 1534 vare,
263 1473 316 1524 nisi
330 1473 430 1524 motiva
450 1474 623 1525 rationabilia
642 1475 779 1539 repulsam
793 1474 944 1534 consulant,
962 1477 989 1524 et
1003 1474 1041 1524 ita
1062 1473 1213 1524 observari

173 1545 330 1596 mandatum
344 1544 396 1596 luit
411 1545 438 1594 in
448 1544 563 1610 epistola
576 1546 711 1610 encyclica
721 1545 756 1595 ad
771 1559 863 1596 omnes
877 1545 1094 1610 archiepiscopos
1114 1545 1143 1594 t7
1160 1544 1209 1594 de·

173 1615 440 1668 comh.1839.hnal.
459 1615 518 1666 dur.
535 1617 612 1666 Pont.
629 1629 682 1669 ser.
706 1618 729 1678 5,
743 1629 804 1681 pag.
828 1615 897 1667 1550.
913 1642 944 1652 -
957 1616 993 1680 (ἲ)
1015 1615 1110 1666 Missio
1130 1617 1212 1666 enim

174 1691 216 1740 est
238 1687 399 1745 necessaria,
415 1687 520 1738 dicente
534 1687 566 1737 D.
581 1687 683 1739 Paulo:
700 1686 833 1752 Quomodo
851 1685 1044 1750 predicabant,
1056 1685 1115 1738 nisi
1138 1687 1213 1739 mit·

174 1761 293 1811 tantur!
308 1758 350 1809 Ad
362 1758 438 1811 Rom.
450 1772 473 1810 c.
489 1759 536 1821 10;
550 1759 623 1824 quod
636 1759 775 1810 confirmat
792 1758 888 1810 tucius
902 1759 977 1824 Papa
988 1758 1040 1821 Ill,
1057 1759 1087 1808 in
1102 1771 1167 1823 cap.
1184 1759 1210 1822 9,
1238 1746 1239 1830 l

173 1829 316 1882 dehaeret.
1238 1847 1239 1854 ¹

208 2026 269 2087 tlr.
289 2024 468 2086 biaconatns
482 2031 528 2085 est
546 2025 621 2084 ordo
635 2041 731 2098 sacer,
747 2042 808 2101 quo
823 2025 975 2085 confertur
993 2029 1132 2100 potestas
1149 2025 1211 2084 irn-

173 2114 302 2175 mediate
319 2115 477 2194 assistendi
491 2114 643 2174 Sacerdoti
656 2114 684 2173 in
703 2114 805 2187 missa,
817 2113 939 2189 legendi
953 2113 1164 2189 Evangelium,
1179 2122 1210 2175 et

174 2202 364 2280 praedicandi.
381 2202 502 2262 Diaconi
520 2219 645 2262 numero
664 2210 779 2277 septem
796 2203 835 2261 ah
853 2202 1002 2277 Apostolis
1024 2203 1114 2262 electi
1136 2205 1211 2263 fue·

173 2298 254 2367 runt,
273 2292 384 2352 nedum
401 2299 434 2351 ut
448 2291 656 2351 communibus
674 2291 804 2350 fidelium
826 2291 937 2350 mensis
955 2291 1130 2352 assisterent
1142 2296 1208 2365 (l),

175 2381 333 2442 sedetiam
349 2388 380 2460 ut
398 2380 492 2439 sacris
509 2379 677 2439 ministeriis
690 2380 883 2440 deservirent.
903 2384 1064 2455 Propterea
1077 2380 1205 2439 Diaconi

175 2470 272 2530 officia
291 2469 432 2529 describit
452 2469 626 2528 pontificale
640 2475 807 2528 Romanum
826 2468 872 2527 his
892 2467 1010 2528 verbis:
1037 2470 1228 2530 Diaconum·

175 2569 285 2638 oportet
300 2560 472 2630 ministrare
492 2561 531 2619 cd
545 2558 650 2631 altore,
667 2560 827 2636 baptizare,
843 2565 870 2616 ct
887 2558 1047 2633 praedicare
1064 2564 1117 2633 (i).
1134 2565 1212 2620 Ver-

176 2652 250 2711 bum
262 2649 429 2709 ministrare
439 2648 588 2724 importat,
599 2647 762 2707 Diaconum
774 2648 884 2707 dehere
896 2647 1053 2723 Episcopo,
1063 2655 1093 2708 et
1103 2654 1212 2712 Sacer-

180 2741 243 2804 doti
257 2739 418 2801 celebranti
433 2739 581 2811 assistere,
596 2736 740 2810 Pixidem,
755 2742 785 2796 et
799 2736 1003 2796 ostensorinm
1015 2754 1082 2797 cum
1094 2743 1144 2798 SS.
1156 2745 1213 2799 Eu-

180 2832 320 2894 charistia
337 2832 462 2901 deferre,
484 2845 544 2886 non
557 2843 630 2885 vero
651 2827 892 2885 communionem
911 2829 1055 2902 praebere,
1078 2827 1137 2887 nisi
1157 2831 1212 2889 fiat

180 2941 219 2984 ex
233 2921 443 2982 commissione
462 2919 641 2993 Sacerdotis
650 2925 680 2977 et
694 2918 723 2978 in
738 2917 823 2993 gravi
837 2918 1021 2990 necessitate,
1037 2925 1071 2978 ut
1084 2915 1111 2975 si
1132 2918 1212 2980 desit

181 3011 338 3082 Sacerdos,
365 3016 395 3069 et
414 3011 543 3085 populus
567 3008 604 3068 sit
627 3007 895 3067 communicandus
909 3012 959 3079 (3).
984 3009 1077 3067 Verba
1100 3009 1212 3070 deinde

180 3101 329 3178 baptizare
341 3104 370 3157 et
382 3097 541 3173 predicere
550 3096 590 3155 ita
601 3104 671 3156 sunt
682 3096 883 3171 intelligenda,
903 3103 934 3155 ul
949 3097 1042 3171 possit
1053 3098 1146 3158 etiam
1160 3117 1213 3159 so·

155 3204 163 3222 ·
182 3186 487 3262 lemniterbaptizare,
497 3186 550 3245 sed
561 3192 675 3245 tantum
685 3185 722 3245 de
735 3185 853 3245 licentia
866 3185 997 3260 parochi,
1015 3188 1111 3246 autin
1128 3191 1212 3264 gravi

168 3277 359 3339 necessitate
374 3280 425 3347 (l),
437 3281 467 3333 et
480 3280 512 3333 ut
526 3274 620 3350 possit
631 3275 794 3350 praedicare
803 3291 872 3335 enm
885 3276 1048 3352 superioris
1058 3278 1147 3337 venia
1157 3283 1211 3351 (5),

184 3367 265 3444 quod
279 3363 497 3442 praedicationis
509 3381 618 3424 munus
632 3364 742 3424 scimus
754 3365 925 3426 exercuisse
937 3365 1051 3440 primos
1064 3367 1213 3427 Diaconos

179 3455 217 3514 ab
239 3455 386 3531 apostolis
404 3455 525 3530 electos,
546 3471 581 3514 ac
598 3453 762 3532 praesertim
775 3459 822 3514 SS.
842 3456 1037 3536 Stephanum,
1052 3463 1084 3524 et
1098 3457 1210 3542 Philip-

184 3548 280 3620 pum(
300 3547 321 3619 l·
