<?xml version="1.0" encoding="UTF-8"?>
<!DOCTYPE html PUBLIC "-//W3C//DTD XHTML 1.0 Transitional//EN"
    "http://www.w3.org/TR/xhtml1/DTD/xhtml1-transitional.dtd">
<html xmlns="http://www.w3.org/1999/xhtml" xml:lang="en" lang="en">
 <head>
  <title>
</title>
<meta http-equiv="Content-Type" content="text/html;charset=utf-8" />
  <meta name='ocr-system' content='tesseract 3.04.00' />
  <meta name='ocr-capabilities' content='ocr_page ocr_carea ocr_par ocr_line ocrx_word'/>
</head>
<body>
  <div class='ocr_page' id='page_1' title='image "./summainstitutio00ferrgoog_0121.png"; bbox 0 0 2490 4088; ppageno 0'>
   <div class='ocr_carea' id='block_1_1' title="bbox 647 123 792 179">
    <p class='ocr_par' dir='ltr' id='par_1_1' title="bbox 647 123 792 179">
     <span class='ocr_line' id='line_1_1' title="bbox 647 123 792 179; baseline -0.007 -17"><span class='ocrx_word' id='word_1_1' title='bbox 647 123 792 179; x_wconf 53' lang='lat'>456..</span> 
     </span>
    </p>
   </div>
   <div class='ocr_carea' id='block_1_2' title="bbox 198 241 1241 1208">
    <p class='ocr_par' dir='ltr' id='par_1_2' title="bbox 198 241 1241 1120">
     <span class='ocr_line' id='line_1_2' title="bbox 208 241 1233 316; baseline 0.001 -10"><span class='ocrx_word' id='word_1_2' title='bbox 208 245 360 306; x_wconf 87' lang='lat' dir='ltr'>erroribus</span> <span class='ocrx_word' id='word_1_3' title='bbox 379 249 495 316; x_wconf 72' lang='lat' dir='ltr'>careat,</span> <span class='ocrx_word' id='word_1_4' title='bbox 520 259 590 304; x_wconf 89' lang='lat' dir='ltr'>nam</span> <span class='ocrx_word' id='word_1_5' title='bbox 604 244 783 304; x_wconf 88' lang='lat' dir='ltr'>soluserror</span> <span class='ocrx_word' id='word_1_6' title='bbox 796 242 961 304; x_wconf 87' lang='lat' dir='ltr'>innomine</span> <span class='ocrx_word' id='word_1_7' title='bbox 984 241 1124 306; x_wconf 89' lang='lat' dir='ltr'>dioecesis</span> <span class='ocrx_word' id='word_1_8' title='bbox 1137 246 1233 307; x_wconf 80' lang='lat' dir='ltr'>reddit</span> 
     </span>
     <span class='ocr_line' id='line_1_3' title="bbox 207 331 1231 410; baseline 0 -16"><span class='ocrx_word' id='word_1_9' title='bbox 207 335 386 410; x_wconf 88' lang='lat' dir='ltr'>rescriptum</span> <span class='ocrx_word' id='word_1_10' title='bbox 395 333 545 394; x_wconf 75' lang='lat' dir='ltr'>Pontificis</span> <span class='ocrx_word' id='word_1_11' title='bbox 553 335 677 406; x_wconf 90' lang='lat' dir='ltr'>nullum,</span> <span class='ocrx_word' id='word_1_12' title='bbox 687 340 717 392; x_wconf 90' lang='lat' dir='ltr'>et</span> <span class='ocrx_word' id='word_1_13' title='bbox 726 349 811 393; x_wconf 84' lang='lat' dir='ltr'>error</span> <span class='ocrx_word' id='word_1_14' title='bbox 819 331 994 392; x_wconf 86' lang='lat' dir='ltr'>manifestus</span> <span class='ocrx_word' id='word_1_15' title='bbox 1003 332 1155 393; x_wconf 78' lang='lat' dir='ltr'>latinitatis</span> <span class='ocrx_word' id='word_1_16' title='bbox 1167 337 1231 394; x_wconf 93' lang='lat' dir='ltr'>red·</span> 
     </span>
     <span class='ocr_line' id='line_1_4' title="bbox 207 421 1241 498; baseline 0.001 -16"><span class='ocrx_word' id='word_1_17' title='bbox 207 424 250 492; x_wconf 89' lang='lat' dir='ltr'>dit</span> <span class='ocrx_word' id='word_1_18' title='bbox 263 424 300 484; x_wconf 92' lang='lat' dir='ltr'>de</span> <span class='ocrx_word' id='word_1_19' title='bbox 312 425 438 484; x_wconf 87' lang='lat' dir='ltr'>falsitate</span> <span class='ocrx_word' id='word_1_20' title='bbox 452 429 623 498; x_wconf 89' lang='lat' dir='ltr'>suspectum</span> <span class='ocrx_word' id='word_1_21' title='bbox 638 425 688 494; x_wconf 86' lang='lat' dir='ltr'>(l).</span> <span class='ocrx_word' id='word_1_22' title='bbox 716 421 906 481; x_wconf 85' lang='lat' dir='ltr'>Praesentatic</span> <span class='ocrx_word' id='word_1_23' title='bbox 920 421 951 480; x_wconf 91' lang='lat' dir='ltr'>in</span> <span class='ocrx_word' id='word_1_24' title='bbox 974 421 1129 498; x_wconf 75' lang='lat' dir='ltr'>rescriptis</span> <span class='ocrx_word' id='word_1_25' title='bbox 1148 423 1241 497; x_wconf 72' lang='lat' dir='ltr'>iusti-t</span> 
     </span>
     <span class='ocr_line' id='line_1_5' title="bbox 206 499 1241 587; baseline 0 -15"><span class='ocrx_word' id='word_1_26' title='bbox 206 511 254 572; x_wconf 83' lang='lat' dir='ltr'>dae</span> <span class='ocrx_word' id='word_1_27' title='bbox 267 512 333 572; x_wconf 85' lang='lat' dir='ltr'>fieri</span> <span class='ocrx_word' id='word_1_28' title='bbox 353 512 441 572; x_wconf 91' lang='lat' dir='ltr'>dehet</span> <span class='ocrx_word' id='word_1_29' title='bbox 460 511 539 572; x_wconf 89' lang='lat' dir='ltr'>intra</span> <span class='ocrx_word' id='word_1_30' title='bbox 551 528 673 584; x_wconf 90' lang='lat' dir='ltr'>annum,</span> <span class='ocrx_word' id='word_1_31' title='bbox 689 511 714 569; x_wconf 90' lang='lat' dir='ltr'>si</span> <span class='ocrx_word' id='word_1_32' title='bbox 728 512 787 571; x_wconf 88' lang='lat' dir='ltr'>hoc</span> <span class='ocrx_word' id='word_1_33' title='bbox 802 519 937 586; x_wconf 88' lang='lat' dir='ltr'>tempore</span> <span class='ocrx_word' id='word_1_34' title='bbox 956 511 1043 587; x_wconf 91' lang='lat' dir='ltr'>copia</span> <span class='ocrx_word' id='word_1_35' title='bbox 1057 511 1168 587; x_wconf 87' lang='lat' dir='ltr'>judicis</span> <span class='ocrx_word' id='word_1_36' title='bbox 1181 499 1241 572; x_wconf 68' lang='lat' dir='ltr'>hal</span> 
     </span>
     <span class='ocr_line' id='line_1_6' title="bbox 204 599 1229 676; baseline 0 -16"><span class='ocrx_word' id='word_1_37' title='bbox 204 600 330 673; x_wconf 74' lang='lat' dir='ltr'>beatur,</span> <span class='ocrx_word' id='word_1_38' title='bbox 348 601 432 660; x_wconf 88' lang='lat' dir='ltr'>aliter</span> <span class='ocrx_word' id='word_1_39' title='bbox 446 607 514 676; x_wconf 90' lang='lat' dir='ltr'>post</span> <span class='ocrx_word' id='word_1_40' title='bbox 528 617 639 659; x_wconf 89' lang='lat' dir='ltr'>annum</span> <span class='ocrx_word' id='word_1_41' title='bbox 657 599 832 676; x_wconf 80' lang='lat' dir='ltr'>regulariter</span> <span class='ocrx_word' id='word_1_42' title='bbox 850 602 929 659; x_wconf 88' lang='lat' dir='ltr'>valet</span> <span class='ocrx_word' id='word_1_43' title='bbox 944 600 1111 659; x_wconf 88' lang='lat' dir='ltr'>secundum</span> <span class='ocrx_word' id='word_1_44' title='bbox 1124 601 1229 660; x_wconf 89' lang='lat' dir='ltr'>rescri-</span> 
     </span>
     <span class='ocr_line' id='line_1_7' title="bbox 203 686 1241 766; baseline 0 -17"><span class='ocrx_word' id='word_1_45' title='bbox 203 696 289 766; x_wconf 89' lang='lat' dir='ltr'>ptum</span> <span class='ocrx_word' id='word_1_46' title='bbox 303 690 341 749; x_wconf 92' lang='lat' dir='ltr'>ab</span> <span class='ocrx_word' id='word_1_47' title='bbox 354 689 411 749; x_wconf 92' lang='lat' dir='ltr'>alia</span> <span class='ocrx_word' id='word_1_48' title='bbox 425 697 509 765; x_wconf 88' lang='lat' dir='ltr'>parte</span> <span class='ocrx_word' id='word_1_49' title='bbox 523 689 677 748; x_wconf 80' lang='lat' dir='ltr'>obtentum</span> <span class='ocrx_word' id='word_1_50' title='bbox 690 687 727 747; x_wconf 90' lang='lat' dir='ltr'>de</span> <span class='ocrx_word' id='word_1_51' title='bbox 742 687 838 764; x_wconf 89' lang='lat' dir='ltr'>primo</span> <span class='ocrx_word' id='word_1_52' title='bbox 854 689 965 748; x_wconf 89' lang='lat' dir='ltr'>nullam</span> <span class='ocrx_word' id='word_1_53' title='bbox 979 686 1092 748; x_wconf 83' lang='lat' dir='ltr'>faciens</span> <span class='ocrx_word' id='word_1_54' title='bbox 1105 689 1241 750; x_wconf 63' lang='lat' dir='ltr'>mendo-1</span> 
     </span>
     <span class='ocr_line' id='line_1_8' title="bbox 203 776 1229 854; baseline 0 -16"><span class='ocrx_word' id='word_1_55' title='bbox 203 795 273 838; x_wconf 89' lang='lat' dir='ltr'>nem</span> <span class='ocrx_word' id='word_1_56' title='bbox 289 784 339 852; x_wconf 74' lang='grc'><strong>(1).</strong></span> <span class='ocrx_word' id='word_1_57' title='bbox 361 777 514 854; x_wconf 83' lang='lat' dir='ltr'>Rescripta</span> <span class='ocrx_word' id='word_1_58' title='bbox 534 793 606 836; x_wconf 88' lang='lat' dir='ltr'>vere</span> <span class='ocrx_word' id='word_1_59' title='bbox 621 776 724 852; x_wconf 83' lang='lat' dir='ltr'>gratiae</span> <span class='ocrx_word' id='word_1_60' title='bbox 743 783 814 835; x_wconf 90' lang='lat' dir='ltr'>sunt</span> <span class='ocrx_word' id='word_1_61' title='bbox 826 781 980 852; x_wconf 87' lang='lat' dir='ltr'>perpetua,</span> <span class='ocrx_word' id='word_1_62' title='bbox 996 783 1026 836; x_wconf 91' lang='lat' dir='ltr'>et</span> <span class='ocrx_word' id='word_1_63' title='bbox 1040 794 1229 854; x_wconf 88' lang='lat' dir='ltr'>quocumque</span> 
     </span>
     <span class='ocr_line' id='line_1_9' title="bbox 202 860 1228 943; baseline 0 -17"><span class='ocrx_word' id='word_1_64' title='bbox 202 873 337 943; x_wconf 85' lang='lat' dir='ltr'>tempere</span> <span class='ocrx_word' id='word_1_65' title='bbox 345 860 477 943; x_wconf 82' lang='lat' dir='ltr'>possunt</span> <span class='ocrx_word' id='word_1_66' title='bbox 500 865 692 942; x_wconf 77' lang='lat' dir='ltr'>praesentari3</span> <span class='ocrx_word' id='word_1_67' title='bbox 719 881 788 924; x_wconf 90' lang='lat' dir='ltr'>nam</span> <span class='ocrx_word' id='word_1_68' title='bbox 807 864 838 923; x_wconf 91' lang='lat' dir='ltr'>in</span> <span class='ocrx_word' id='word_1_69' title='bbox 852 863 908 938; x_wconf 91' lang='lat' dir='ltr'>his,</span> <span class='ocrx_word' id='word_1_70' title='bbox 925 864 950 923; x_wconf 88' lang='lat' dir='ltr'>si</span> <span class='ocrx_word' id='word_1_71' title='bbox 972 865 1010 924; x_wconf 90' lang='lat' dir='ltr'>de</span> <span class='ocrx_word' id='word_1_72' title='bbox 1033 865 1130 942; x_wconf 86' lang='lat' dir='ltr'>gratia</span> <span class='ocrx_word' id='word_1_73' title='bbox 1155 866 1228 926; x_wconf 86' lang='lat' dir='ltr'>facta</span> 
     </span>
     <span class='ocr_line' id='line_1_10' title="bbox 200 953 1241 1044; baseline 0 -30"><span class='ocrx_word' id='word_1_74' title='bbox 200 961 316 1031; x_wconf 80' lang='lat' dir='ltr'>agatur,</span> <span class='ocrx_word' id='word_1_75' title='bbox 329 954 483 1031; x_wconf 84' lang='lat' dir='ltr'>inspicitur</span> <span class='ocrx_word' id='word_1_76' title='bbox 497 960 616 1030; x_wconf 86' lang='lat' dir='ltr'>tempus</span> <span class='ocrx_word' id='word_1_77' title='bbox 630 955 713 1026; x_wconf 79' lang='lat' dir='ltr'>deta,</span> <span class='ocrx_word' id='word_1_78' title='bbox 730 953 761 1013; x_wconf 91' lang='lat' dir='ltr'>in</span> <span class='ocrx_word' id='word_1_79' title='bbox 777 953 833 1014; x_wconf 88' lang='lat' dir='ltr'>illis</span> <span class='ocrx_word' id='word_1_80' title='bbox 848 960 948 1014; x_wconf 87' lang='lat' dir='ltr'>autem</span> <span class='ocrx_word' id='word_1_81' title='bbox 961 959 1081 1030; x_wconf 88' lang='lat' dir='ltr'>tempus</span> <span class='ocrx_word' id='word_1_82' title='bbox 1095 972 1241 1044; x_wconf 61' lang='lat' dir='ltr'>praesen3,</span> 
     </span>
     <span class='ocr_line' id='line_1_11' title="bbox 198 1042 880 1120; baseline -0.002 -16"><span class='ocrx_word' id='word_1_83' title='bbox 198 1043 328 1117; x_wconf 85' lang='lat' dir='ltr'>tationia,</span> <span class='ocrx_word' id='word_1_84' title='bbox 345 1062 436 1120; x_wconf 87' lang='lat' dir='ltr'>aquo</span> <span class='ocrx_word' id='word_1_85' title='bbox 448 1042 593 1118; x_wconf 85' lang='lat' dir='ltr'>incipiunt</span> <span class='ocrx_word' id='word_1_86' title='bbox 605 1045 745 1103; x_wconf 82' lang='lat' dir='ltr'>effectum</span> <span class='ocrx_word' id='word_1_87' title='bbox 759 1043 880 1102; x_wconf 84' lang='lat' dir='ltr'>habere.</span> 
     </span>
    </p>

    <p class='ocr_par' dir='ltr' id='par_1_3' title="bbox 234 1127 1241 1208">
     <span class='ocr_line' id='line_1_12' title="bbox 234 1127 1241 1208; baseline 0 -15"><span class='ocrx_word' id='word_1_88' title='bbox 234 1132 403 1194; x_wconf 85' lang='lat' dir='ltr'>Communis</span> <span class='ocrx_word' id='word_1_89' title='bbox 416 1133 537 1208; x_wconf 87' lang='lat' dir='ltr'>quidem</span> <span class='ocrx_word' id='word_1_90' title='bbox 551 1139 597 1191; x_wconf 91' lang='lat' dir='ltr'>est</span> <span class='ocrx_word' id='word_1_91' title='bbox 615 1133 727 1207; x_wconf 80' lang='lat' dir='ltr'>regula,</span> <span class='ocrx_word' id='word_1_92' title='bbox 752 1149 811 1208; x_wconf 85' lang='lat' dir='ltr'>qua</span> <span class='ocrx_word' id='word_1_93' title='bbox 825 1131 974 1205; x_wconf 79' lang='lat' dir='ltr'>statuitur,</span> <span class='ocrx_word' id='word_1_94' title='bbox 989 1132 1161 1194; x_wconf 88' lang='lat' dir='ltr'>secundum</span> <span class='ocrx_word' id='word_1_95' title='bbox 1179 1150 1222 1193; x_wconf 87' lang='lat' dir='ltr'>re·</span> <span class='ocrx_word' id='word_1_96' title='bbox 1240 1127 1241 1168; x_wconf 63' lang='lat'>³</span> 
     </span>
    </p>
   </div>
   <div class='ocr_carea' id='block_1_3' title="bbox 195 1220 1241 1564">
    <p class='ocr_par' dir='ltr' id='par_1_4' title="bbox 195 1220 1241 1564">
     <span class='ocr_line' id='line_1_13' title="bbox 196 1220 1241 1297; baseline 0.002 -16"><span class='ocrx_word' id='word_1_97' title='bbox 196 1222 342 1297; x_wconf 84' lang='lat' dir='ltr'>scriptum</span> <span class='ocrx_word' id='word_1_98' title='bbox 353 1221 384 1280; x_wconf 95' lang='lat' dir='ltr'>in</span> <span class='ocrx_word' id='word_1_99' title='bbox 398 1223 503 1281; x_wconf 87' lang='lat' dir='ltr'>eadem</span> <span class='ocrx_word' id='word_1_100' title='bbox 514 1238 615 1294; x_wconf 91' lang='lat' dir='ltr'>causa,</span> <span class='ocrx_word' id='word_1_101' title='bbox 631 1229 661 1280; x_wconf 87' lang='lat' dir='ltr'>et</span> <span class='ocrx_word' id='word_1_102' title='bbox 674 1221 750 1280; x_wconf 88' lang='lat' dir='ltr'>inter</span> <span class='ocrx_word' id='word_1_103' title='bbox 762 1220 884 1279; x_wconf 88' lang='lat' dir='ltr'>easdem</span> <span class='ocrx_word' id='word_1_104' title='bbox 898 1237 1044 1295; x_wconf 86' lang='lat' dir='ltr'>personas</span> <span class='ocrx_word' id='word_1_105' title='bbox 1053 1221 1120 1280; x_wconf 88' lang='lat' dir='ltr'>&#39;nen</span> <span class='ocrx_word' id='word_1_106' title='bbox 1135 1223 1219 1282; x_wconf 88' lang='lat' dir='ltr'>dero·</span> <span class='ocrx_word' id='word_1_107' title='bbox 1240 1291 1241 1294; x_wconf 8' lang='grc' dir='ltr'><strong>Ἴ</strong></span> 
     </span>
     <span class='ocr_line' id='line_1_14' title="bbox 196 1308 1241 1391; baseline 0 -21"><span class='ocrx_word' id='word_1_108' title='bbox 196 1327 268 1386; x_wconf 86' lang='lat' dir='ltr'>gare</span> <span class='ocrx_word' id='word_1_109' title='bbox 282 1311 388 1385; x_wconf 89' lang='lat' dir='ltr'>primo,</span> <span class='ocrx_word' id='word_1_110' title='bbox 403 1311 615 1391; x_wconf 86' lang='lat' dir='ltr'>uniusnullam</span> <span class='ocrx_word' id='word_1_111' title='bbox 627 1309 696 1368; x_wconf 88' lang='lat' dir='ltr'>lacit</span> <span class='ocrx_word' id='word_1_112' title='bbox 708 1308 900 1383; x_wconf 83' lang='lat' dir='ltr'>mentionem,</span> <span class='ocrx_word' id='word_1_113' title='bbox 916 1308 986 1369; x_wconf 83' lang='lat' dir='ltr'>licet</span> <span class='ocrx_word' id='word_1_114' title='bbox 998 1309 1029 1368; x_wconf 91' lang='lat' dir='ltr'>in</span> <span class='ocrx_word' id='word_1_115' title='bbox 1042 1311 1162 1386; x_wconf 86' lang='lat' dir='ltr'>legibus</span> <span class='ocrx_word' id='word_1_116' title='bbox 1174 1329 1223 1387; x_wconf 83' lang='lat' dir='ltr'>ge·</span> <span class='ocrx_word' id='word_1_117' title='bbox 1240 1319 1241 1328; x_wconf 77' lang='grc'>’</span> 
     </span>
     <span class='ocr_line' id='line_1_15' title="bbox 196 1399 1241 1476; baseline 0.002 -17"><span class='ocrx_word' id='word_1_118' title='bbox 196 1400 346 1459; x_wconf 85' lang='lat' dir='ltr'>neralihus</span> <span class='ocrx_word' id='word_1_119' title='bbox 360 1400 443 1460; x_wconf 86' lang='lat' dir='ltr'>aliter</span> <span class='ocrx_word' id='word_1_120' title='bbox 461 1399 602 1459; x_wconf 89' lang='lat' dir='ltr'>obtineat.</span> <span class='ocrx_word' id='word_1_121' title='bbox 617 1399 700 1458; x_wconf 84' lang='lat' dir='ltr'>Ratio</span> <span class='ocrx_word' id='word_1_122' title='bbox 714 1405 769 1472; x_wconf 90' lang='lat' dir='ltr'>est,</span> <span class='ocrx_word' id='word_1_123' title='bbox 785 1399 852 1474; x_wconf 89' lang='lat' dir='ltr'>quia</span> <span class='ocrx_word' id='word_1_124' title='bbox 865 1399 1031 1458; x_wconf 89' lang='lat' dir='ltr'>secundum</span> <span class='ocrx_word' id='word_1_125' title='bbox 1045 1401 1223 1476; x_wconf 87' lang='lat' dir='ltr'>rescriptum</span> <span class='ocrx_word' id='word_1_126' title='bbox 1240 1403 1241 1416; x_wconf 65' lang='lat'>²</span> 
     </span>
     <span class='ocr_line' id='line_1_16' title="bbox 195 1486 1241 1564; baseline 0.002 -16"><span class='ocrx_word' id='word_1_127' title='bbox 195 1495 335 1548; x_wconf 89' lang='lat' dir='ltr'>censetur</span> <span class='ocrx_word' id='word_1_128' title='bbox 356 1488 558 1564; x_wconf 84' lang='lat' dir='ltr'>surreptitium</span> <span class='ocrx_word' id='word_1_129' title='bbox 581 1488 620 1547; x_wconf 89' lang='lat' dir='ltr'>cb</span> <span class='ocrx_word' id='word_1_130' title='bbox 638 1495 852 1563; x_wconf 75' lang='lat' dir='ltr'>praesumptam</span> <span class='ocrx_word' id='word_1_131' title='bbox 874 1486 904 1545; x_wconf 91' lang='lat' dir='ltr'>in</span> <span class='ocrx_word' id='word_1_132' title='bbox 925 1487 1088 1548; x_wconf 88' lang='lat' dir='ltr'>obtinendo</span> <span class='ocrx_word' id='word_1_133' title='bbox 1113 1507 1241 1558; x_wconf 49' lang='lat' dir='ltr'>conce¹</span> 
     </span>
    </p>
   </div>
   <div class='ocr_carea' id='block_1_4' title="bbox 195 1575 1222 1743">
    <p class='ocr_par' dir='ltr' id='par_1_5' title="bbox 195 1575 1222 1743">
     <span class='ocr_line' id='line_1_17' title="bbox 195 1575 1221 1654; baseline 0 -16"><span class='ocrx_word' id='word_1_134' title='bbox 195 1576 293 1638; x_wconf 87' lang='lat' dir='ltr'>dentis</span> <span class='ocrx_word' id='word_1_135' title='bbox 306 1577 590 1637; x_wconf 86' lang='lat' dir='ltr'>circumventionem</span> <span class='ocrx_word' id='word_1_136' title='bbox 600 1595 607 1649; x_wconf 76' lang='lat'>3</span> <span class='ocrx_word' id='word_1_137' title='bbox 618 1577 699 1636; x_wconf 87' lang='lat' dir='ltr'>unde</span> <span class='ocrx_word' id='word_1_138' title='bbox 710 1577 759 1636; x_wconf 90' lang='lat' dir='ltr'>hic</span> <span class='ocrx_word' id='word_1_139' title='bbox 771 1578 849 1636; x_wconf 89' lang='lat' dir='ltr'>valet</span> <span class='ocrx_word' id='word_1_140' title='bbox 860 1575 1054 1652; x_wconf 90' lang='lat' dir='ltr'>principium:</span> <span class='ocrx_word' id='word_1_141' title='bbox 1070 1578 1128 1647; x_wconf 81' lang='lat' dir='ltr'>Qut</span> <span class='ocrx_word' id='word_1_142' title='bbox 1139 1581 1221 1654; x_wconf 82' lang='lat' dir='ltr'>prior</span> 
     </span>
     <span class='ocr_line' id='line_1_18' title="bbox 195 1664 1222 1743; baseline 0.001 -19"><span class='ocrx_word' id='word_1_143' title='bbox 195 1673 237 1724; x_wconf 83' lang='lat' dir='ltr'>est</span> <span class='ocrx_word' id='word_1_144' title='bbox 247 1673 383 1741; x_wconf 83' lang='lat' dir='ltr'>tempere,</span> <span class='ocrx_word' id='word_1_145' title='bbox 392 1667 486 1740; x_wconf 81' lang='lat' dir='ltr'>pettor</span> <span class='ocrx_word' id='word_1_146' title='bbox 495 1674 538 1724; x_wconf 83' lang='lat' dir='ltr'>est</span> <span class='ocrx_word' id='word_1_147' title='bbox 546 1666 580 1725; x_wconf 83' lang='lat' dir='ltr'>ia</span> <span class='ocrx_word' id='word_1_148' title='bbox 587 1666 658 1740; x_wconf 82' lang='lat' dir='ltr'>jttre</span> <span class='ocrx_word' id='word_1_149' title='bbox 666 1670 716 1738; x_wconf 86' lang='lat'>(3).</span> <span class='ocrx_word' id='word_1_150' title='bbox 729 1666 786 1724; x_wconf 87' lang='lat' dir='ltr'>Sed</span> <span class='ocrx_word' id='word_1_151' title='bbox 793 1664 930 1740; x_wconf 83' lang='lat' dir='ltr'>exceptio</span> <span class='ocrx_word' id='word_1_152' title='bbox 943 1664 1008 1724; x_wconf 90' lang='lat' dir='ltr'>fieri</span> <span class='ocrx_word' id='word_1_153' title='bbox 1016 1666 1115 1740; x_wconf 88' lang='lat' dir='ltr'>debet,</span> <span class='ocrx_word' id='word_1_154' title='bbox 1130 1667 1158 1725; x_wconf 87' lang='lat' dir='ltr'>si</span> <span class='ocrx_word' id='word_1_155' title='bbox 1169 1667 1222 1743; x_wconf 90' lang='lat' dir='ltr'>pri-</span> 
     </span>
    </p>
   </div>
   <div class='ocr_carea' id='block_1_5' title="bbox 79 1753 1222 1830">
    <p class='ocr_par' dir='ltr' id='par_1_6' title="bbox 79 1753 1222 1830">
     <span class='ocr_line' id='line_1_19' title="bbox 79 1753 1222 1830; baseline 0.003 -19"><span class='ocrx_word' id='word_1_156' title='bbox 79 1821 82 1826; x_wconf 25' lang='lat'>¹</span> <span class='ocrx_word' id='word_1_157' title='bbox 194 1769 277 1812; x_wconf 87' lang='lat' dir='ltr'>muru</span> <span class='ocrx_word' id='word_1_158' title='bbox 294 1755 371 1813; x_wconf 86' lang='lat' dir='ltr'>leret</span> <span class='ocrx_word' id='word_1_159' title='bbox 385 1756 534 1830; x_wconf 81' lang='lat' dir='ltr'>generale,</span> <span class='ocrx_word' id='word_1_160' title='bbox 549 1760 578 1813; x_wconf 88' lang='lat' dir='ltr'>et</span> <span class='ocrx_word' id='word_1_161' title='bbox 597 1754 763 1813; x_wconf 89' lang='lat' dir='ltr'>secundum</span> <span class='ocrx_word' id='word_1_162' title='bbox 776 1753 924 1829; x_wconf 76' lang='lat' dir='ltr'>speciale,</span> <span class='ocrx_word' id='word_1_163' title='bbox 940 1770 1000 1830; x_wconf 88' lang='lat' dir='ltr'>que</span> <span class='ocrx_word' id='word_1_164' title='bbox 1016 1771 1089 1812; x_wconf 88' lang='lat' dir='ltr'>casu</span> <span class='ocrx_word' id='word_1_165' title='bbox 1102 1771 1160 1829; x_wconf 90' lang='lat' dir='ltr'>per</span> <span class='ocrx_word' id='word_1_166' title='bbox 1176 1773 1222 1815; x_wconf 87' lang='lat' dir='ltr'>se·</span> 
     </span>
    </p>
   </div>
   <div class='ocr_carea' id='block_1_6' title="bbox 187 1841 1219 2096">
    <p class='ocr_par' dir='ltr' id='par_1_7' title="bbox 187 1841 1219 2096">
     <span class='ocr_line' id='line_1_20' title="bbox 195 1841 1219 1920; baseline 0.004 -20"><span class='ocrx_word' id='word_1_167' title='bbox 195 1842 326 1901; x_wconf 89' lang='lat' dir='ltr'>cundum</span> <span class='ocrx_word' id='word_1_168' title='bbox 339 1843 500 1918; x_wconf 82' lang='lat' dir='ltr'>derogatur</span> <span class='ocrx_word' id='word_1_169' title='bbox 513 1843 621 1918; x_wconf 86' lang='lat' dir='ltr'>prime,</span> <span class='ocrx_word' id='word_1_170' title='bbox 636 1843 715 1920; x_wconf 91' lang='lat' dir='ltr'>quia,</span> <span class='ocrx_word' id='word_1_171' title='bbox 728 1849 763 1902; x_wconf 85' lang='lat' dir='ltr'>ut</span> <span class='ocrx_word' id='word_1_172' title='bbox 776 1841 878 1902; x_wconf 81' lang='lat' dir='ltr'>scribit</span> <span class='ocrx_word' id='word_1_173' title='bbox 889 1841 1068 1918; x_wconf 83' lang='lat' dir='ltr'>Papinianus</span> <span class='ocrx_word' id='word_1_174' title='bbox 1086 1861 1092 1901; x_wconf 92' lang='lat'>:</span> <span class='ocrx_word' id='word_1_175' title='bbox 1108 1843 1149 1904; x_wconf 81' lang='lat' dir='ltr'>lrt</span> <span class='ocrx_word' id='word_1_176' title='bbox 1165 1853 1219 1904; x_wconf 85' lang='lat' dir='ltr'>tete</span> 
     </span>
     <span class='ocr_line' id='line_1_21' title="bbox 187 1930 1219 2007; baseline 0.004 -18"><span class='ocrx_word' id='word_1_177' title='bbox 187 1930 260 2005; x_wconf 79' lang='lat' dir='ltr'>jnrc</span> <span class='ocrx_word' id='word_1_178' title='bbox 277 1932 376 2006; x_wconf 69' lang='lat' dir='ltr'>paneri</span> <span class='ocrx_word' id='word_1_179' title='bbox 397 1948 450 2006; x_wconf 83' lang='lat' dir='ltr'>per</span> <span class='ocrx_word' id='word_1_180' title='bbox 463 1932 584 2006; x_wconf 83' lang='lat' dir='ltr'>speeiem</span> <span class='ocrx_word' id='word_1_181' title='bbox 599 1932 768 2007; x_wconf 79' lang='lat' dir='ltr'>derepetar,</span> <span class='ocrx_word' id='word_1_182' title='bbox 783 1939 810 1990; x_wconf 81' lang='lat' dir='ltr'>ct</span> <span class='ocrx_word' id='word_1_183' title='bbox 832 1931 910 1990; x_wconf 81' lang='lat' dir='ltr'>illud</span> <span class='ocrx_word' id='word_1_184' title='bbox 928 1932 1118 2007; x_wconf 71' lang='lat' dir='ltr'>potissimum</span> <span class='ocrx_word' id='word_1_185' title='bbox 1132 1933 1219 1993; x_wconf 79' lang='lat' dir='ltr'>habt-</span> 
     </span>
     <span class='ocr_line' id='line_1_22' title="bbox 195 2019 813 2096; baseline 0.002 -19"><span class='ocrx_word' id='word_1_186' title='bbox 195 2025 255 2088; x_wconf 85' lang='lat' dir='ltr'>tur,</span> <span class='ocrx_word' id='word_1_187' title='bbox 270 2019 347 2095; x_wconf 82' lang='lat' dir='ltr'>quod</span> <span class='ocrx_word' id='word_1_188' title='bbox 359 2021 399 2079; x_wconf 85' lang='lat' dir='ltr'>ed</span> <span class='ocrx_word' id='word_1_189' title='bbox 412 2020 533 2096; x_wconf 81' lang='lat' dir='ltr'>speciem</span> <span class='ocrx_word' id='word_1_190' title='bbox 546 2020 691 2080; x_wconf 81' lang='lat' dir='ltr'>directum</span> <span class='ocrx_word' id='word_1_191' title='bbox 706 2027 747 2079; x_wconf 85' lang='lat' dir='ltr'>est</span> <span class='ocrx_word' id='word_1_192' title='bbox 762 2022 813 2093; x_wconf 83' lang='grc'>(1).</span> 
     </span>
    </p>
   </div>
   <div class='ocr_carea' id='block_1_7' title="bbox 193 2174 1219 2314">
    <p class='ocr_par' dir='ltr' id='par_1_8' title="bbox 193 2174 1219 2314">
     <span class='ocr_line' id='line_1_23' title="bbox 226 2174 1219 2244; baseline 0.001 -17"><span class='ocrx_word' id='word_1_193' title='bbox 226 2177 262 2242; x_wconf 86' lang='grc'>(1)</span> <span class='ocrx_word' id='word_1_194' title='bbox 275 2176 340 2242; x_wconf 86' lang='lat' dir='ltr'>Gap.</span> <span class='ocrx_word' id='word_1_195' title='bbox 354 2176 390 2238; x_wconf 91' lang='lat' dir='ltr'>ll,</span> <span class='ocrx_word' id='word_1_196' title='bbox 406 2175 440 2227; x_wconf 90' lang='lat' dir='ltr'>de</span> <span class='ocrx_word' id='word_1_197' title='bbox 454 2175 576 2242; x_wconf 87' lang='lat' dir='ltr'>rescript.</span> <span class='ocrx_word' id='word_1_198' title='bbox 591 2178 618 2227; x_wconf 88' lang='lat' dir='ltr'>et</span> <span class='ocrx_word' id='word_1_199' title='bbox 631 2175 668 2226; x_wconf 87' lang='lat' dir='ltr'>ib.</span> <span class='ocrx_word' id='word_1_200' title='bbox 680 2174 767 2227; x_wconf 88' lang='lat' dir='ltr'>Gloss.</span> <span class='ocrx_word' id='word_1_201' title='bbox 779 2203 809 2215; x_wconf 86' lang='lat'><em>-</em></span> <span class='ocrx_word' id='word_1_202' title='bbox 821 2175 857 2241; x_wconf 70' lang='lat' dir='ltr'>(l)</span> <span class='ocrx_word' id='word_1_203' title='bbox 872 2176 937 2242; x_wconf 84' lang='lat' dir='ltr'>Gap.</span> <span class='ocrx_word' id='word_1_204' title='bbox 948 2176 988 2242; x_wconf 77' lang='lat'>23,</span> <span class='ocrx_word' id='word_1_205' title='bbox 1002 2177 1095 2232; x_wconf 64' lang='grc'><strong>6011-</strong></span> <span class='ocrx_word' id='word_1_206' title='bbox 1106 2177 1146 2244; x_wconf 85' lang='grc'>(3)</span> <span class='ocrx_word' id='word_1_207' title='bbox 1157 2179 1219 2244; x_wconf 85' lang='lat' dir='ltr'>Cap.</span> 
     </span>
     <span class='ocr_line' id='line_1_24' title="bbox 193 2246 858 2314; baseline 0.002 -16"><span class='ocrx_word' id='word_1_208' title='bbox 193 2247 277 2312; x_wconf 66' lang='lat' dir='ltr'>clade</span> <span class='ocrx_word' id='word_1_209' title='bbox 291 2261 347 2312; x_wconf 85' lang='lat' dir='ltr'>reg.</span> <span class='ocrx_word' id='word_1_210' title='bbox 359 2249 415 2312; x_wconf 86' lang='lat' dir='ltr'>jur.</span> <span class='ocrx_word' id='word_1_211' title='bbox 431 2248 460 2298; x_wconf 89' lang='lat' dir='ltr'>in</span> <span class='ocrx_word' id='word_1_212' title='bbox 474 2248 497 2299; x_wconf 87' lang='grc'>6.</span> <span class='ocrx_word' id='word_1_213' title='bbox 508 2275 539 2284; x_wconf 95' lang='grc'>-</span> <span class='ocrx_word' id='word_1_214' title='bbox 553 2247 583 2297; x_wconf 89' lang='lat' dir='ltr'>L.</span> <span class='ocrx_word' id='word_1_215' title='bbox 593 2247 632 2312; x_wconf 83' lang='lat'>80,</span> <span class='ocrx_word' id='word_1_216' title='bbox 644 2246 671 2298; x_wconf 82' lang='lat' dir='ltr'>ff.</span> <span class='ocrx_word' id='word_1_217' title='bbox 686 2247 719 2299; x_wconf 90' lang='lat' dir='ltr'>de</span> <span class='ocrx_word' id='word_1_218' title='bbox 734 2260 791 2313; x_wconf 77' lang='lat' dir='ltr'>reg.</span> <span class='ocrx_word' id='word_1_219' title='bbox 802 2249 858 2314; x_wconf 87' lang='lat' dir='ltr'>jur.</span> 
     </span>
    </p>
   </div>
   <div class='ocr_carea' id='block_1_8' title="bbox 226 2423 1241 2528">
    <p class='ocr_par' dir='ltr' id='par_1_9' title="bbox 226 2423 1241 2528">
     <span class='ocr_line' id='line_1_25' title="bbox 226 2423 1241 2528; baseline 0.002 -18"><span class='ocrx_word' id='word_1_220' title='bbox 226 2455 271 2510; x_wconf 87' lang='grc'>19.</span> <span class='ocrx_word' id='word_1_221' title='bbox 300 2449 594 2528; x_wconf 79' lang='lat' dir='ltr'>Rescriptiexecutid</span> <span class='ocrx_word' id='word_1_222' title='bbox 612 2451 699 2526; x_wconf 82' lang='lat' dir='ltr'>juxta</span> <span class='ocrx_word' id='word_1_223' title='bbox 713 2452 847 2527; x_wconf 87' lang='lat' dir='ltr'>ejusdem</span> <span class='ocrx_word' id='word_1_224' title='bbox 868 2453 997 2512; x_wconf 87' lang='lat' dir='ltr'>formam</span> <span class='ocrx_word' id='word_1_225' title='bbox 1010 2423 1241 2513; x_wconf 70' lang='lat' dir='ltr'>subtantialem</span> 
     </span>
    </p>
   </div>
   <div class='ocr_carea' id='block_1_9' title="bbox 147 2538 1220 3596">
    <p class='ocr_par' dir='ltr' id='par_1_10' title="bbox 187 2538 1220 3062">
     <span class='ocr_line' id='line_1_26' title="bbox 191 2538 1220 2616; baseline 0 -15"><span class='ocrx_word' id='word_1_226' title='bbox 191 2545 236 2601; x_wconf 89' lang='lat' dir='ltr'>est</span> <span class='ocrx_word' id='word_1_227' title='bbox 261 2539 457 2616; x_wconf 79' lang='lat' dir='ltr'>perficienda,</span> <span class='ocrx_word' id='word_1_228' title='bbox 482 2538 554 2600; x_wconf 88' lang='lat' dir='ltr'>alias</span> <span class='ocrx_word' id='word_1_229' title='bbox 577 2539 616 2598; x_wconf 90' lang='lat' dir='ltr'>cb</span> <span class='ocrx_word' id='word_1_230' title='bbox 640 2541 791 2600; x_wconf 83' lang='lat' dir='ltr'>defectum</span> <span class='ocrx_word' id='word_1_231' title='bbox 809 2540 1023 2616; x_wconf 88' lang='lat' dir='ltr'>jurisdictionis</span> <span class='ocrx_word' id='word_1_232' title='bbox 1037 2547 1105 2602; x_wconf 87' lang='lat' dir='ltr'>acta</span> <span class='ocrx_word' id='word_1_233' title='bbox 1119 2542 1220 2601; x_wconf 84' lang='lat' dir='ltr'>lerant</span> 
     </span>
     <span class='ocr_line' id='line_1_27' title="bbox 190 2629 1219 2704; baseline 0 -14"><span class='ocrx_word' id='word_1_234' title='bbox 190 2635 342 2702; x_wconf 88' lang='lat' dir='ltr'>attentata,</span> <span class='ocrx_word' id='word_1_235' title='bbox 358 2631 527 2704; x_wconf 87' lang='lat' dir='ltr'>nullamque</span> <span class='ocrx_word' id='word_1_236' title='bbox 541 2629 710 2688; x_wconf 86' lang='lat' dir='ltr'>obtinerent</span> <span class='ocrx_word' id='word_1_237' title='bbox 723 2629 903 2690; x_wconf 83' lang='lat' dir='ltr'>firmitatem.</span> <span class='ocrx_word' id='word_1_238' title='bbox 920 2631 994 2690; x_wconf 87' lang='lat' dir='ltr'>Hinc</span> <span class='ocrx_word' id='word_1_239' title='bbox 1017 2630 1092 2690; x_wconf 88' lang='lat' dir='ltr'>erdo</span> <span class='ocrx_word' id='word_1_240' title='bbox 1108 2631 1219 2691; x_wconf 88' lang='lat' dir='ltr'>verbe-</span> 
     </span>
     <span class='ocr_line' id='line_1_28' title="bbox 189 2717 1219 2796; baseline 0.001 -19"><span class='ocrx_word' id='word_1_241' title='bbox 189 2734 267 2790; x_wconf 90' lang='lat' dir='ltr'>rum,</span> <span class='ocrx_word' id='word_1_242' title='bbox 282 2735 336 2776; x_wconf 89' lang='lat' dir='ltr'>seu</span> <span class='ocrx_word' id='word_1_243' title='bbox 350 2717 505 2794; x_wconf 79' lang='lat' dir='ltr'>scripturae</span> <span class='ocrx_word' id='word_1_244' title='bbox 517 2718 732 2792; x_wconf 87' lang='lat' dir='ltr'>observandus,</span> <span class='ocrx_word' id='word_1_245' title='bbox 745 2718 786 2778; x_wconf 91' lang='lat' dir='ltr'>ita</span> <span class='ocrx_word' id='word_1_246' title='bbox 796 2727 828 2778; x_wconf 93' lang='lat' dir='ltr'>ut</span> <span class='ocrx_word' id='word_1_247' title='bbox 840 2719 923 2796; x_wconf 88' lang='lat' dir='ltr'>prius</span> <span class='ocrx_word' id='word_1_248' title='bbox 938 2719 1124 2795; x_wconf 79' lang='lat' dir='ltr'>expediatur,</span> <span class='ocrx_word' id='word_1_249' title='bbox 1137 2719 1219 2796; x_wconf 89' lang='lat' dir='ltr'>qued</span> 
     </span>
     <span class='ocr_line' id='line_1_29' title="bbox 189 2805 1218 2884; baseline 0.002 -20"><span class='ocrx_word' id='word_1_250' title='bbox 189 2805 318 2881; x_wconf 87' lang='lat' dir='ltr'>primum</span> <span class='ocrx_word' id='word_1_251' title='bbox 333 2806 387 2865; x_wconf 84' lang='lat' dir='ltr'>luit</span> <span class='ocrx_word' id='word_1_252' title='bbox 401 2823 589 2867; x_wconf 88' lang='lat' dir='ltr'>concessum.</span> <span class='ocrx_word' id='word_1_253' title='bbox 606 2805 741 2867; x_wconf 87' lang='lat' dir='ltr'>similiter</span> <span class='ocrx_word' id='word_1_254' title='bbox 755 2808 862 2867; x_wconf 90' lang='lat' dir='ltr'>modus</span> <span class='ocrx_word' id='word_1_255' title='bbox 876 2807 1060 2884; x_wconf 89' lang='lat' dir='ltr'>procedendi</span> <span class='ocrx_word' id='word_1_256' title='bbox 1077 2807 1218 2883; x_wconf 83' lang='lat' dir='ltr'>praescri·</span> 
     </span>
     <span class='ocr_line' id='line_1_30' title="bbox 187 2896 1218 2971; baseline 0.006 -19"><span class='ocrx_word' id='word_1_257' title='bbox 187 2900 268 2970; x_wconf 86' lang='lat' dir='ltr'>ptus,</span> <span class='ocrx_word' id='word_1_258' title='bbox 284 2911 464 2970; x_wconf 87' lang='lat' dir='ltr'>quamquam</span> <span class='ocrx_word' id='word_1_259' title='bbox 477 2897 571 2971; x_wconf 90' lang='lat' dir='ltr'>ajure</span> <span class='ocrx_word' id='word_1_260' title='bbox 583 2897 735 2956; x_wconf 87' lang='lat' dir='ltr'>communi</span> <span class='ocrx_word' id='word_1_261' title='bbox 748 2896 874 2971; x_wconf 87' lang='lat' dir='ltr'>differat,</span> <span class='ocrx_word' id='word_1_262' title='bbox 889 2896 1073 2970; x_wconf 89' lang='lat' dir='ltr'>retinendus,</span> <span class='ocrx_word' id='word_1_263' title='bbox 1089 2903 1122 2956; x_wconf 91' lang='lat' dir='ltr'>et</span> <span class='ocrx_word' id='word_1_264' title='bbox 1136 2899 1218 2958; x_wconf 90' lang='lat' dir='ltr'>clau·</span> 
     </span>
     <span class='ocr_line' id='line_1_31' title="bbox 188 2983 1062 3062; baseline 0.002 -21"><span class='ocrx_word' id='word_1_265' title='bbox 188 2984 261 3042; x_wconf 85' lang='lat' dir='ltr'>sulae</span> <span class='ocrx_word' id='word_1_266' title='bbox 278 2983 460 3042; x_wconf 86' lang='lat' dir='ltr'>adamussim</span> <span class='ocrx_word' id='word_1_267' title='bbox 473 2984 679 3060; x_wconf 67' lang='lat' dir='ltr'>adimplendae,</span> <span class='ocrx_word' id='word_1_268' title='bbox 695 3002 761 3060; x_wconf 86' lang='lat' dir='ltr'>quae</span> <span class='ocrx_word' id='word_1_269' title='bbox 773 2986 895 3045; x_wconf 84' lang='lat' dir='ltr'>fuerunt</span> <span class='ocrx_word' id='word_1_270' title='bbox 908 2985 1062 3062; x_wconf 70' lang='lat' dir='ltr'>appositae.</span> 
     </span>
    </p>

    <p class='ocr_par' dir='ltr' id='par_1_11' title="bbox 147 3071 1217 3596">
     <span class='ocr_line' id='line_1_32' title="bbox 223 3071 1217 3150; baseline 0.005 -21"><span class='ocrx_word' id='word_1_271' title='bbox 223 3075 269 3130; x_wconf 83' lang='lat' dir='ltr'>ee.</span> <span class='ocrx_word' id='word_1_272' title='bbox 285 3075 364 3130; x_wconf 86' lang='lat' dir='ltr'>inter</span> <span class='ocrx_word' id='word_1_273' title='bbox 376 3073 525 3131; x_wconf 87' lang='lat' dir='ltr'>clausulas</span> <span class='ocrx_word' id='word_1_274' title='bbox 537 3073 647 3148; x_wconf 88' lang='lat' dir='ltr'>apponi</span> <span class='ocrx_word' id='word_1_275' title='bbox 660 3073 771 3148; x_wconf 85' lang='lat' dir='ltr'>solitas,</span> <span class='ocrx_word' id='word_1_276' title='bbox 786 3080 816 3133; x_wconf 93' lang='lat' dir='ltr'>et</span> <span class='ocrx_word' id='word_1_277' title='bbox 830 3091 906 3150; x_wconf 86' lang='lat' dir='ltr'>quae,</span> <span class='ocrx_word' id='word_1_278' title='bbox 918 3074 986 3134; x_wconf 86' lang='lat' dir='ltr'>licet</span> <span class='ocrx_word' id='word_1_279' title='bbox 995 3071 1143 3149; x_wconf 69' lang='lat' dir='ltr'>apposita</span> <span class='ocrx_word' id='word_1_280' title='bbox 1157 3092 1217 3134; x_wconf 91' lang='lat' dir='ltr'>non</span> 
     </span>
     <span class='ocr_line' id='line_1_33' title="bbox 186 3159 1216 3239; baseline 0.003 -20"><span class='ocrx_word' id='word_1_281' title='bbox 186 3159 255 3234; x_wconf 92' lang='lat' dir='ltr'>sint,</span> <span class='ocrx_word' id='word_1_282' title='bbox 270 3160 366 3220; x_wconf 89' lang='lat' dir='ltr'>adhuc</span> <span class='ocrx_word' id='word_1_283' title='bbox 379 3161 552 3220; x_wconf 91' lang='lat' dir='ltr'>necessario</span> <span class='ocrx_word' id='word_1_284' title='bbox 567 3162 825 3239; x_wconf 84' lang='lat' dir='ltr'>subintelliguntur</span> <span class='ocrx_word' id='word_1_285' title='bbox 838 3163 946 3237; x_wconf 74' lang='lat' dir='ltr'>solitae,</span> <span class='ocrx_word' id='word_1_286' title='bbox 962 3169 1030 3222; x_wconf 91' lang='lat' dir='ltr'>sunt</span> <span class='ocrx_word' id='word_1_287' title='bbox 1045 3163 1216 3238; x_wconf 84' lang='lat' dir='ltr'>praesertim</span> 
     </span>
     <span class='ocr_line' id='line_1_34' title="bbox 186 3247 1217 3327; baseline 0.004 -21"><span class='ocrx_word' id='word_1_288' title='bbox 186 3247 253 3308; x_wconf 88' lang='lat' dir='ltr'>duae</span> <span class='ocrx_word' id='word_1_289' title='bbox 267 3255 436 3324; x_wconf 88' lang='lat' dir='ltr'>sequentes,</span> <span class='ocrx_word' id='word_1_290' title='bbox 451 3265 559 3324; x_wconf 89' lang='lat' dir='ltr'>nempe</span> <span class='ocrx_word' id='word_1_291' title='bbox 574 3250 715 3325; x_wconf 87' lang='lat' dir='ltr'>clausula,</span> <span class='ocrx_word' id='word_1_292' title='bbox 730 3252 811 3312; x_wconf 83' lang='lat' dir='ltr'>salve</span> <span class='ocrx_word' id='word_1_293' title='bbox 823 3253 896 3327; x_wconf 81' lang='lat' dir='ltr'>jure</span> <span class='ocrx_word' id='word_1_294' title='bbox 913 3251 1047 3325; x_wconf 69' lang='lat' dir='ltr'>attardus,</span> <span class='ocrx_word' id='word_1_295' title='bbox 1064 3257 1095 3311; x_wconf 87' lang='lat' dir='ltr'>et</span> <span class='ocrx_word' id='word_1_296' title='bbox 1109 3251 1217 3326; x_wconf 72' lang='lat' dir='ltr'>aliast</span> 
     </span>
     <span class='ocr_line' id='line_1_35' title="bbox 185 3336 1215 3416; baseline 0.008 -22"><span class='ocrx_word' id='word_1_297' title='bbox 185 3336 230 3396; x_wconf 83' lang='lat' dir='ltr'>tta</span> <span class='ocrx_word' id='word_1_298' title='bbox 243 3343 293 3396; x_wconf 84' lang='lat' dir='ltr'>est.</span> <span class='ocrx_word' id='word_1_299' title='bbox 310 3336 457 3413; x_wconf 79' lang='lat' dir='ltr'>Exprima</span> <span class='ocrx_word' id='word_1_300' title='bbox 466 3337 608 3412; x_wconf 87' lang='lat' dir='ltr'>sequitur,</span> <span class='ocrx_word' id='word_1_301' title='bbox 620 3339 795 3401; x_wconf 85' lang='lat' dir='ltr'>Pontificem</span> <span class='ocrx_word' id='word_1_302' title='bbox 806 3340 885 3400; x_wconf 89' lang='lat' dir='ltr'>nolle</span> <span class='ocrx_word' id='word_1_303' title='bbox 896 3341 945 3416; x_wconf 88' lang='lat' dir='ltr'>jus</span> <span class='ocrx_word' id='word_1_304' title='bbox 954 3340 1041 3400; x_wconf 83' lang='lat' dir='ltr'>tertio</span> <span class='ocrx_word' id='word_1_305' title='bbox 1054 3341 1215 3416; x_wconf 85' lang='lat' dir='ltr'>quaesitum</span> 
     </span>
     <span class='ocr_line' id='line_1_36' title="bbox 147 3425 1214 3505; baseline 0.006 -22"><span class='ocrx_word' id='word_1_306' title='bbox 147 3461 149 3466; x_wconf 63' lang='lat'>,</span> <span class='ocrx_word' id='word_1_307' title='bbox 186 3425 313 3499; x_wconf 85' lang='lat' dir='ltr'>auferre,</span> <span class='ocrx_word' id='word_1_308' title='bbox 328 3425 409 3501; x_wconf 90' lang='lat' dir='ltr'>quod</span> <span class='ocrx_word' id='word_1_309' title='bbox 423 3425 583 3497; x_wconf 84' lang='lat' dir='ltr'>declaravit</span> <span class='ocrx_word' id='word_1_310' title='bbox 593 3426 624 3486; x_wconf 92' lang='lat' dir='ltr'>in</span> <span class='ocrx_word' id='word_1_311' title='bbox 635 3431 739 3504; x_wconf 81' lang='lat' dir='ltr'>regula</span> <span class='ocrx_word' id='word_1_312' title='bbox 750 3434 794 3489; x_wconf 87' lang='grc'>18.</span> <span class='ocrx_word' id='word_1_313' title='bbox 812 3429 1010 3504; x_wconf 75' lang='lat' dir='ltr'>cancellariae,</span> <span class='ocrx_word' id='word_1_314' title='bbox 1022 3445 1090 3505; x_wconf 83' lang='lat' dir='ltr'>quae</span> <span class='ocrx_word' id='word_1_315' title='bbox 1105 3430 1214 3492; x_wconf 88' lang='lat' dir='ltr'>inscri-</span> 
     </span>
     <span class='ocr_line' id='line_1_37' title="bbox 185 3512 1214 3596; baseline 0.011 -25"><span class='ocrx_word' id='word_1_316' title='bbox 185 3512 265 3574; x_wconf 91' lang='lat' dir='ltr'>bitur</span> <span class='ocrx_word' id='word_1_317' title='bbox 281 3532 288 3573; x_wconf 93' lang='lat'>:</span> <span class='ocrx_word' id='word_1_318' title='bbox 301 3513 342 3576; x_wconf 85' lang='lat' dir='ltr'>De</span> <span class='ocrx_word' id='word_1_319' title='bbox 354 3514 615 3592; x_wconf 62' lang='lat' dir='ltr'>amitteremus</span> <span class='ocrx_word' id='word_1_320' title='bbox 626 3519 791 3592; x_wconf 75' lang='lat' dir='ltr'>quesitam.</span> <span class='ocrx_word' id='word_1_321' title='bbox 808 3523 904 3591; x_wconf 84' lang='lat' dir='ltr'>Quare</span> <span class='ocrx_word' id='word_1_322' title='bbox 914 3517 1093 3596; x_wconf 85' lang='lat' dir='ltr'>rescriptum</span> <span class='ocrx_word' id='word_1_323' title='bbox 1105 3527 1214 3582; x_wconf 83' lang='lat' dir='ltr'>contm</span> 
     </span>
    </p>
   </div>
   <div class='ocr_carea' id='block_1_10' title="bbox 0 0 1250 4088">
    <p class='ocr_par' dir='ltr' id='par_1_12' title="bbox 0 0 1250 4088">
     <span class='ocr_line' id='line_1_38' title="bbox 0 0 1250 4088; baseline 0 9"><span class='ocrx_word' id='word_1_324' title='bbox 0 0 1250 4088; x_wconf 95' lang='lat' dir='ltr'> </span> 
     </span>
    </p>
   </div>
  </div>
 </body>
</html>
