2546 4082
402 663 604 774 orroeos
637 691 749 773 xxv.

347 939 384 982 DE
401 937 526 982 bunonis
544 939 622 983 uultu
643 939 791 984 crunnus.

55 1137 203 1189 Suuuarumr
214 1157 221 1186 ι
234 1135 291 1188 idi.
306 1135 376 1194 Quale
396 1136 426 1187 sit
439 1136 523 1188 crimen
535 1136 596 1188 lusu
609 1137 744 1202 malestatis,
759 1142 782 1190 et
794 1141 851 1202 quot
865 1137 942 1190 modis
953 1137 1083 1192 committo·

85 1207 147 1260 tnr?
160 1235 189 1246 --
203 1207 258 1258 268.
277 1207 336 1266 Quid
350 1207 380 1258 sit
391 1207 545 1268 homicidium,
560 1213 583 1258 ct
600 1214 656 1274 quot
673 1210 722 1274 ojus
737 1209 841 1274 species?
852 1235 882 1248 -
899 1210 955 1260 26⁹.
976 1210 1080 1262 ltuellnm

86 1279 151 1331 omni
158 1280 209 1344 jure
222 1279 349 1330 dammtur.
367 1306 395 1318 α
408 1279 464 1330 um.
476 1278 587 1356 libortum
600 1279 759 1344 quamlibeat
769 1281 945 1343 deformitatem,
957 1281 1079 1346 etooundo

86 1349 257 1403 committatur?
269 1377 298 1386 -
316 1349 372 1400 271.
387 1348 443 1408 Qum
463 1351 508 1402 sint
521 1349 638 1401 homicidii
652 1351 743 1416 poenae‘l
755 1378 786 1388 —
809 1352 863 1402 eit.
879 1350 937 1410 Ouid
952 1353 981 1403 sit
994 1353 1083 1418 laisum,

86 1426 111 1473 et
122 1425 180 1486 quot
197 1421 272 1472 modis
284 1421 453 1472 committatur?
466 1448 497 1458 —
509 1422 564 1472 273.
580 1421 638 1480 outo
660 1423 752 1485 lurtum,
765 1427 788 1473 et
800 1424 882 1487 quibus
892 1423 942 1474 aliis
954 1423 1084 1475 nominibus

86 1491 277 1556 designeturi—
291 1492 349 1542 tut.
366 1490 426 1550 Ouid
441 1493 523 1557 injuria
543 1496 565 1542 ct
581 1494 688 1544 damnum
704 1493 786 1559 injuria
806 1493 899 1544 datum?
911 1523 941 1532 —
954 1495 1010 1545 275.
1028 1493 1083 1554 Quae

86 1564 170 1614 delicta
183 1567 292 1614 vocentur
312 1562 402 1614 mixta?
414 1591 445 1600 -
458 1564 514 1614 276.
536 1562 593 1622 Ouid
614 1564 743 1625 fornicatio,
758 1568 780 1614 ct
794 1579 844 1628 qum
866 1566 929 1630 cujus
947 1565 1041 1630 pmuae‘l
1053 1595 1084 1604 -

85 1635 145 1687 277.
158 1634 325 1686 concubinatus
337 1633 469 1698 gravissime
486 1629 586 1698 punitur'.
599 1663 627 1672 -
641 1637 696 1686 278.
712 1637 770 1694 Quid
779 1639 889 1700 stuprum,
902 1641 924 1688 ct
940 1637 1082 1698 adulterium,

86 1711 111 1757 et
129 1721 181 1771 qum
201 1719 281 1757 eornm
301 1705 394 1768 poene?
408 1733 439 1742 -
453 1705 506 1756 279.
529 1706 587 1764 Quid
608 1705 716 1770 incestus,
730 1711 752 1756 et
765 1707 877 1770 sodomia,
893 1714 917 1758 et
934 1723 984 1772 qum
1003 1723 1083 1760 eorum
1137 1713 1140 1718 '

86 1777 222 1844 poenmi—
230 1778 286 1827 280.
299 1777 376 1826 Peene
385 1780 464 1827 contra
472 1777 639 1828 incontinentes
651 1792 665 1828 a
676 1777 751 1843 judice
763 1783 817 1829 sunt
829 1779 978 1831 declarando.
988 1805 1016 1817 -
1026 1781 1081 1830 281.

86 1851 189 1902 Clericus
203 1849 246 1900 bac
260 1849 288 1899 dc
307 1863 374 1900 rausa
387 1847 515 1899 diffamatus
528 1847 594 1898 debet
613 1863 638 1900 se
656 1863 764 1915 purgare.
776 1877 808 1888 -
822 1851 878 1901 282.
895 1851 950 1910 Quis
967 1851 997 1902 sit
1010 1851 1088 1916 judex.

87 1925 221 1986 competens
235 1921 258 1970 in
275 1919 363 1970 delictis
374 1919 484 1984 deibus,
501 1924 524 1970 ct
536 1919 629 1971 mixtis?
882 1961 907 2004 0

92 2110 156 2166 267.
174 2105 263 2164 Plura
277 2109 442 2164 summere
460 2104 557 2164 civilio
574 2105 690 2177 delicte,
704 2112 737 2164 ut
751 2106 831 2164 laesae
844 2105 1017 2181 maiestatis,
1027 2106 1082 2166 ho-

54 2193 187 2267 mieidii,
200 2191 278 2265 salsi,
297 2192 376 2264 lorti,
397 2192 583 2268 injuriarum,
599 2200 668 2266 etc.;
685 2193 722 2252 de
745 2194 853 2269 quibus
867 2202 1004 2254 nostrum
1021 2212 1082 2254 uon

54 2271 110 2344 est*
124 2299 225 2358 agere,
251 2280 309 2342 nisi
329 2287 476 2355 quatenus
496 2280 597 2357 poenis
617 2281 819 2358 spiritualibus
837 2283 1019 2358 plectuntur,
1031 2290 1083 2343 out

55 2371 285 2434 committuntur
299 2387 317 2428 o
331 2346 460 2430 Clericis.

92 2461 250 2534 Delictum,
265 2458 328 2518 sive
347 2457 459 2518 crimen
476 2457 554 2518 laesae
577 2458 739 2533 moJeststis
757 2465 799 2518 est
817 2459 1082 2530 moehiuotio,.oiuo
1170 2465 1174 2470 ’

54 2550 235 2626 conspiratio
249 2553 353 2608 contro
364 2546 466 2618 vitum,
476 2547 657 2622 dicacitatem,
675 2563 728 2606 sou
736 2554 911 2622 potestatem
924 2549 1080 2624 Principio,

54 2641 100 2701 uel
116 2638 252 2709 ulterius,
262 2636 310 2696 eoi
320 2635 458 2710 Princeps
475 2635 564 2694 lolem
575 2637 935 2711 concesseritpoteototemu.
946 2637 1081 2712 llojcsto-

53 2730 92 2790 tis
107 2733 211 2787 autem
224 2723 346 2784 nomine
363 2723 537 2798 intelligitur
551 2740 667 2783 summo
681 2723 711 2782 iu
727 2725 818 2798 cives,
842 2742 878 2783 oo
893 2724 1028 2784 subditos
1041 2726 1085 2784 le-

54 2820 146 2896 gibus
160 2817 255 2874 soluta
269 2819 413 2888 potestas
429 2829 496 2887 quae
512 2812 623 2887 duplex
637 2818 694 2887 est,
709 2814 921 2887 ecclesiastica,
937 2821 967 2874 et
989 2831 1084 2875 saecu-
1159 2849 1163 2870 .

54 2907 138 2968 loric.
157 2907 252 2974 Quare
261 2903 340 2960 laesee
354 2900 517 2974 majestatis
534 2917 603 2959 reus
617 2907 672 2972 est,
688 2902 739 2976 qui
754 2902 939 2962 machinetur
957 2902 987 2961 in
1002 2919 1084 2963 sum·

54 3011 141 3056 mum
156 2991 347 3052 Pontificem:
365 2989 425 3047 imo
440 2989 556 3048 ratione
569 2988 721 3048 Pontifiois
734 2989 837 3049 incidit
848 2990 879 3048 in
893 2991 1017 3064 crimen,
1033 2991 1084 3066 qui

54 3085 85 3145 in
101 3081 284 3153 cardinalem
306 3084 441 3153 Legatum
463 3063 660 3150 Potrierobm,
685 3076 943 3154 Archiepiseopos,
966 3085 996 3159 et
1016 3080 1084 3154 Epi·
1136 3087 1140 3096 ’

55 3187 169 3248 scopos
189 3168 341 3243 conspirat
356 3170 417 3240 (l):
441 3173 471 3227 el
490 3165 605 3226 ratione
625 3166 889 3242 Principis-incidit
908 3167 939 3226 in
960 3167 1084 3244 crimen,

55 3262 109 3340 qui
122 3265 228 3320 contre
241 3271 402 3334 personam
420 3255 457 3316 de
471 3256 536 3331 ejus
555 3254 676 3330 familia,
691 3261 742 3316 aut
756 3261 861 3316 eontra
875 3256 940 3332 ejus
954 3256 1085 3317 auctori·

55 3359 152 3412 tatem
166 3345 342 3423 conspiret(
362 3351 382 3418 ).

92 3445 159 3502 Hoc
173 3437 328 3497 infandum
342 3435 482 3496 delictum
497 3431 689 3494 committitur
702 3433 925 3510 conspiratione,
937 3449 1007 3494 cum
1020 3434 1084 3511 plu·

57 3548 109 3592 res
123 3530 155 3588 in
168 3530 353 3604 majestatem
366 3524 587 3602 machinentur3
608 3523 820 3601 coniuratione,
839 3540 908 3586 cum
921 3525 1024 3601 plures
1033 3524 1083 3602 jn·
