2566 4102
619 211 745 258 ...1,-

201 315 389 375 namnam.
1270 343 1271 346 =

201 405 398 464 Rroonranuo
407 407 457 464 'l'tl
474 409 501 463 et
513 405 578 478 825,
591 405 625 475 23
634 417 695 461 non
707 399 872 463 admittitur
883 400 916 462 iu
930 387 1137 462 criminalibus
1149 400 1193 462 ib.

202 496 358 552 Rseusmm
369 490 477 566 jndiois
491 489 622 568 suspecti
636 495 690 552 itt
706 497 734 551 et
746 507 824 567 seqq.
1270 501 1271 504 ’

203 585 329 641 Rsnurto
342 597 433 656 super
445 580 587 640 oneribus
601 579 762 639 missarum
776 583 826 640 sat
844 585 871 640 et
883 593 942 656 seq.

203 673 313 732 linares
326 669 478 746 placitum,
492 671 536 728 rel
552 676 715 745 exequatur
725 672 774 743 tt,
789 673 817 730 5.
1270 673 1271 680 ’

204 761 318 820 lineum
337 758 375 818 de
389 758 489 818 annali
502 755 575 830 tem
595 757 634 818 de
647 756 785 818 triennali
798 760 869 832 56⁷3
885 756 996 834 regulae
1009 756 1201 822 cannellariae

168 846 344 924 Apostolieae
358 849 404 920 tt,
421 851 449 908 2.
1270 843 1271 854 *

204 941 364 998 nasutium
384 938 448 996 tlt.
470 935 620 1012 Requisita
638 935 677 996 ad
694 933 935 1010 constituendum
954 935 1129 1010 regularem
1142 935 1199 1010 tta
1270 927 1271 962 ³

170 1025 352 1102 regularium
372 1023 517 1084 institutio
539 1029 610 1098 1ης
633 1041 738 1086 eorum
758 1023 883 1086 diversae
905 1024 1121 1103 appellationes
1144 1024 1200 1096 tta
1270 1063 1271 1066 κ

170 1113 330 1192 praeoipuae
343 1129 448 1175 eorum
462 1116 573 1190 regulae
585 1114 636 1188 ua
652 1114 804 1190 quomodo
819 1131 838 1173 a
851 1120 929 1174 statu
943 1113 1040 1174 laicali
1054 1113 1092 1173 ad
1107 1111 1200 1174 eleri-

172 1204 267 1262 ualem
285 1202 488 1281 processerint
507 1207 574 1276 2133
591 1204 742 1279 quomodo
755 1202 925 1263 dividantur
939 1206 1004 1264 att.
1021 1201 1076 1274 Qui
1093 1202 1203 1278 prohi·
1270 1205 1271 1278 j

170 1291 298 1351 beamur
312 1308 334 1360 a
343 1290 531 1368 suscipienda
543 1291 605 1351 vita
624 1291 754 1367 regulari
772 1295 840 1365 2153
857 1290 1009 1367 quomodo
1028 1289 1134 1350 dandae
1149 1288 1201 1350 lit·
1270 1297 1271 1352 ἶ

171 1385 244 1440 term
261 1379 475 1439 testimoniales
493 1378 716 1440 ordinariorum
729 1380 780 1454 u,
795 1385 845 1452 tl;
862 1394 938 1456 qua,
954 1385 984 1439 et
1002 1384 1075 1454 quot
1088 1377 1202 1438 scruti·
1270 1423 1271 1444 2

172 1466 222 1526 nia
235 1467 295 1528 sint
309 1466 478 1528 necessaria
499 1468 550 1542 ila,
572 1473 621 1543 11;
645 1469 754 1530 debent
768 1469 920 1545 complere
936 1457 1110 1527 novitiatum
1123 1471 1201 1540 2¹⁶3
1270 1503 1271 1506 =

173 1571 241 1632 qnae
254 1555 285 1616 in
298 1571 335 1616 eo
347 1556 519 1632 peragendo
530 1557 716 1618 observanda
727 1557 777 1631 iu,
788 1561 805 1617 3
820 1564 847 1617 et
860 1561 887 1617 l.
900 1555 1108 1617 llonasterium
1121 1573 1202 1632 prae-
1270 1587 1271 1622 a

173 1651 219 1706 ter
231 1645 353 1718 vietum,
369 1653 399 1706 et
412 1645 553 1707 vestitum
575 1646 617 1706 nil
638 1653 737 1722 potest
753 1647 897 1724 recipere,
913 1652 943 1706 et
961 1646 999 1705 ab
1018 1662 1055 1706 eo
1076 1651 1204 1722 recepta
1270 1641 1271 1714 ζ

172 1733 285 1794 novitio
294 1733 456 1810 egredienti
467 1741 538 1796 sunt
548 1734 732 1796 restituenda
740 1735 778 1796 tt.
793 1735 949 1807 Quomodo
964 1733 1094 1795 novitius
1104 1733 1204 1810 possit
1270 1773 1271 1818 p

62 1879 65 1886 ,
172 1823 274 1884 faeere
297 1823 485 1898 donationes,
505 1831 536 1885 et
554 1824 794 1886 renuntiationes
811 1815 1202 1900 2173pn0m0doperaoto

173 1911 329 1986 novitiatu,
350 1913 476 1974 transire
497 1913 536 1974 ad
557 1913 775 1988 professionem
794 1917 863 1986 2183
882 1911 964 1989 quid,
983 1918 1015 1972 et
1032 1911 1204 1990 quotuplex
1270 1985 1271 1988 Ἴ

173 2001 240 2060 haee
253 2001 291 2060 sit
303 2005 358 2061 ata
372 2001 454 2074 (Vide
461 2002 630 2078 Profeasio.)
641 2003 803 2077 Regulares
818 2007 886 2062 sunt
901 1999 1033 2076 exempti
1046 2017 1064 2060 a
1075 1997 1202 2074 iurisdi·
1270 1995 1271 1998 ’

175 2089 274 2151 ctione
282 2089 420 2166 Episcopi
432 2095 498 2164 2203
508 2091 659 2166 exemptio
675 2097 773 2150 cessat
786 2090 815 2149 in
831 2089 931 2167 parvis
945 2089 1141 2149 conventibus
1149 2087 1203 2158 iia,

175 2181 201 2238 t.
216 2179 376 2254 Regulares
391 2179 537 2239 habentur
551 2185 702 2256 tamquam
716 2178 841 2239 civiliter
853 2177 963 2239 mortui
976 2178 1026 2252 ida
1043 2176 1205 2254 anquirunt

175 2267 358 2327 monasterio
372 2268 423 2342 ita
438 2276 635 2344 nonpossunt
645 2267 710 2345 ejioi
719 2268 757 2328 ab
767 2268 880 2340 ordine,
890 2265 945 2327 nisi
954 2266 1013 2327 sint
1026 2283 1097 2328 vere
1106 2265 1204 2326 ineor-
1270 2271 1271 2286 ³

132 2407 138 2436 ¹
174 2354 306 2432 rigibiles
319 2361 386 2429 itm
397 2373 566 2432 processus,
580 2364 611 2417 et
620 2375 717 2417 eausae
726 2355 986 2432 incorrigibilitatis
999 2356 1204 2428 id.,l;emen-
1270 2433 1271 2438 ἵ

175 2443 236 2504 dati
253 2450 324 2504 sunt
342 2444 450 2506 iterum
463 2445 493 2503 in
507 2445 650 2522 religione
665 2444 839 2506 admittendi
851 2445 902 2519 tua
920 2461 981 2504 non
995 2449 1123 2521 possunt
1132 2444 1204 2519 J'ure

176 2549 255 2593 novo
276 2532 403 2594 transire
424 2534 463 2594 ad
481 2534 618 2597 ordinem
636 2534 725 2595 etiarn
744 2533 923 2596 strietiorem
943 2533 1007 2594 sine
1026 2532 1147 2614 lieentia
1169 2537 1202 2594 S.

175 2622 259 2682 Sedis
273 2627 341 2696 2233
357 2629 483 2698 possunt
496 2641 513 2682 a
526 2628 557 2684 S.
567 2624 648 2684 ¹Sede
661 2642 701 2684 ex
711 2625 791 2700 justa
802 2641 893 2684 causa
907 2621 1202 2684 saeeularizaaritll.

176 2714 353 2785 Conventus,
375 2718 406 2773 et
425 2704 607 2772 monasteria
628 2723 769 2772 votorum
788 2712 965 2772 solemnium
985 2709 1060 2787 erigi
1084 2717 1203 2770 tantum

174 2806 301 2874 possunt
320 2818 339 2858 a
356 2804 384 2860 S.
401 2802 477 2861 Sede
498 2801 537 2860 ib.
560 2807 587 2860 et
600 2805 664 2874 att,
684 2807 718 2874 l;
738 2800 843 2861 eadem
865 2817 883 2859 a
900 2800 1035 2860 saeculari
1052 2805 1204 2876 potestate
1270 2851 1271 2854 ,

175 2903 338 2962 suppressa
352 2887 382 2948 in
397 2887 553 2965 pristinum
572 2889 681 2950 remitti
696 2890 736 2949 ib.
751 2891 910 2966 Regulares
924 2890 1023 2966 quoad
1037 2887 1203 2948 ordinatio·
1270 2885 1271 2954 ζ

175 2991 246 3034 nem
263 2976 433 3052 dependent
452 2978 491 3037 ab
513 2978 661 3054 Episcopo
681 2978 739 3038 loci
756 2983 802 3050 90,
818 2982 850 3050 3;
872 2978 1048 3038 ordinantur
1069 2977 1108 3037 ad
1128 2976 1202 3036 titu·

175 3063 237 3124 lum
254 3064 437 3140 paupertatis
457 3069 502 3125 tt.
525 3066 649 3137 Quando
671 3073 777 3127 uonna
797 3068 957 3142 Regulares
974 3066 1118 3142 prooedat
1131 3063 1201 3141 lipi-

175 3167 286 3229 scopus
300 3157 362 3213 160.
1270 3151 1271 3176 ¹

210 3244 329 3302 deutero
343 3247 388 3302 18.
1160 3305 1162 3312 ,

136 3386 139 3395 .
210 3333 402 3416 Rnuuuortrro
422 3332 453 3393 in
476 3332 629 3394 benefieiis
645 3339 712 3409 5⁷³3
728 3335 879 3410 quomodo
893 3334 1001 3396 debeat
1022 3349 1088 3393 esse
1106 3331 1201 3394 libera
1270 3361 1271 3370 1

174 3417 225 3490 iba
238 3435 305 3494 quae
318 3420 354 3483 sit
368 3422 457 3483 taeita
467 3423 520 3498 iia,
535 3427 552 3483 3
564 3429 630 3498 ett3
646 3441 790 3499 expressa
805 3430 878 3501 quot
891 3423 989 3484 modis
1002 3423 1054 3484 fiat
1068 3423 1118 3495 iba
1132 3437 1200 3499 quae

85 3507 88 3515 '
174 3505 318 3568 habeatnr
326 3511 532 3572 conditionalis
543 3512 593 3586 iba
606 3529 674 3590 quae
684 3513 750 3574 lieri
763 3512 878 3575 dicatur
890 3513 1033 3590 numiure
1042 3527 1199 3588 regressus
1270 3529 1271 3596 j

174 3592 343 3676 ingressus,
360 3606 392 3663 et
410 3617 551 3665 aoeessus
566 3600 618 3678 iu,
645 3605 673 3666 tt.
688 3606 790 3666 coma
808 3603 897 3679 justae
918 3617 976 3680 pro
997 3597 1199 3678 resignatione
1270 3597 1271 3600 ’
