2490 4088
24 329 69 405 ius
88 329 180 388 tertii
201 329 408 406 impetratum,
429 335 509 394 nulla
527 335 597 394 data
619 334 699 395 eirca
719 334 926 412 praejudicinm
939 333 1066 410 dispost-

25 418 114 492 tione,
128 425 171 478 ut
185 417 350 479 invalidum
363 423 531 482 executioni
554 423 690 482 mandari
711 422 822 499 nequit.
850 423 940 499 llagis
966 429 1065 483 tamen

25 506 153 566 interest
168 506 229 568 alia
244 509 387 584 clausula,
402 511 429 570 si
450 511 493 570 ito
507 519 559 582 cst,
575 529 642 587 qnae
657 512 701 572 sie
719 511 899 588 quandoque
920 512 1064 584 redditur,

24 597 47 654 si
58 612 134 656 ocra
149 597 382 672 subterposito,
404 598 431 657 st
442 615 538 675 preces
553 599 673 659 veritate
691 607 840 674 nituntur,
856 617 916 676 qua
929 601 1062 661 Pontifex

24 681 51 740 in
64 700 123 743 sua
139 684 342 745 conclusione
360 685 399 745 ad
422 686 615 762 supplicantis
633 688 835 776 narrationem
858 705 891 748 se
916 690 1014 749 relert.
1034 687 1063 748 si

24 771 101 830 enim
119 789 180 834 res
194 773 236 832 ita
257 789 317 833 non
342 773 389 846 sit,
412 781 445 834 ut
467 775 521 834 luit
541 776 687 852 exposita,
711 776 780 836 vitio
804 776 997 853 obreptionis,
1013 778 1060 837 vel

25 860 235 938 subreptionis
252 862 433 939 rescriptum
446 863 599 936 inlicitur(
619 869 640 938 ).

55 1042 90 1106 (l)
102 1041 272 1109 Obreptioa
285 1043 449 1108 quibusdam
463 1045 624 1110 appel-latur,
636 1059 697 1096 cum
708 1045 737 1098 in
747 1046 901 1098 narratione
916 1046 1059 1112 exponitur
1141 1053 1145 1064 ·

26 1111 142 1176 insitas,
166 1114 316 1180 subreptio,
337 1127 398 1166 cum
419 1114 547 1167 reticetur
560 1117 661 1168 veritas
676 1116 710 1168 de
727 1119 789 1183 jure
804 1117 988 1184 exprimenda.
1005 1118 1058 1170 Sed

27 1185 209 1237 communiter
220 1184 464 1249 indiscriminatim,
475 1186 518 1239 vel
533 1187 614 1238 simul
628 1187 688 1240 brac
696 1188 749 1240 duo
760 1189 893 1242 vocabula
906 1189 1056 1242 adsumun-
1103 1230 1109 1238 .

28 1257 69 1306 tur
82 1255 120 1307 ud
135 1257 293 1320 utrumvel
308 1257 383 1310 aliud
398 1257 493 1310 vitium
508 1258 689 1312 indicandum.

60 1479 105 1534 st.
132 1476 292 1553 Antiquam
306 1477 511 1554 quaeuionem,
533 1494 571 1538 an
585 1477 731 1555 obreptio,
747 1481 794 1540 vel
807 1478 960 1555 subreptio
972 1477 1056 1540 vitiet

28 1564 214 1641 rescriptum,
228 1566 418 1626 innocentius
431 1571 479 1640 lll,
494 1566 612 1626 diremit
625 1567 804 1628 instituendo
824 1566 1053 1642 distinctionem,

28 1668 63 1710 an
76 1660 198 1713 narrata
212 1653 335 1728 falsitas,
346 1656 394 1715 rel
411 1656 559 1715 occultata
572 1655 682 1715 veritas
692 1656 730 1715 sit
741 1672 795 1732 per
804 1655 945 1716 malitiam
957 1662 987 1716 et
997 1655 1051 1716 do-

27 1738 96 1816 lum,
112 1749 166 1802 aut
178 1760 234 1820 per
248 1744 447 1819 ignorantiam
462 1750 493 1804 ct
506 1743 723 1820 simplicitatem
737 1749 787 1818 (l).
802 1743 899 1804 Primo
913 1761 986 1804 casu
1003 1761 1051 1805 re-

29 1831 169 1906 scriptum
179 1830 300 1892 vitiatur
314 1832 343 1891 in
357 1838 432 1906 toto,
448 1831 517 1908 quia
526 1839 554 1892 el
561 1834 628 1909 jura
642 1837 842 1896 Romanorum
850 1835 1052 1909 mendaxpre·

30 1925 108 1979 catur
121 1937 227 1982 carere
240 1920 329 1981 debet
341 1921 506 1997 impetratis
519 1926 571 1995 (Ξ),
586 1927 615 1981 et
628 1938 667 1982 ex
678 1923 746 1998 jbre
758 1923 903 1983 canonico
914 1924 1006 1996 lraus,
1020 1928 1051 1982 et

31 2005 110 2068 dolus
123 2008 213 2069 alicui
222 2008 402 2085 patrocinari
412 2025 473 2069 non
481 2009 571 2070 debet
580 2013 631 2083 (3),
643 2009 723 2085 quod
732 2011 870 2071 doctores
884 2010 1050 2071 extendunt

31 2095 190 2172 adrasum,
207 2113 268 2172 quo
281 2095 459 2173 rescriptum
472 2097 607 2172 pluribus
617 2102 647 2157 et
658 2097 802 2173 separatis
816 2098 962 2174 capitibus
975 2110 1048 2156 con-

33 2188 92 2259 stet,
111 2203 147 2246 ac
160 2185 310 2262 obreptio,
324 2186 371 2245 vel
386 2185 540 2261 subreptio
554 2185 584 2244 in
602 2203 664 2245 uno
677 2192 793 2246 tantum
806 2185 960 2259 habeatur,
980 2183 1049 2260 quia

33 2273 77 2346 qui
94 2274 259 2349 sulsitatem
284 2274 464 2350 reprimunt,
478 2273 527 2332 vel
547 2275 737 2350 supprimunt
758 2275 921 2348 ueritatem,
941 2275 975 2333 in
987 2287 1048 2333 ruer
1153 2289 1160 2308 ·

32 2364 221 2434 amentatis
231 2379 353 2439 purcant
365 2361 488 2422 nultum
502 2377 538 2421 cc
551 2361 613 2421 illis
629 2362 732 2421 litteris
750 2363 936 2422 commodum
949 2379 1046 2422 cntra-

33 2459 157 2523 mantra
170 2456 223 2524 (l).
240 2451 340 2511 Altero
351 2467 422 2511 vero
436 2467 517 2522 casu,
534 2466 592 2525 quo
606 2450 718 2510 falsitas
732 2457 861 2524 narrata,
878 2451 925 2511 vel
937 2449 1046 2510 raritas

33 2541 166 2601 nouam
179 2539 235 2599 fuit
248 2555 302 2614 per
316 2538 514 2615 ignorantiam
537 2545 567 2598 et
592 2538 819 2614 simplicitatem,
834 2538 1044 2615 subdistingui-

31 2629 89 2688 tur:
104 2630 152 2692 vel
166 2629 279 2688 falsitas
293 2633 423 2698 narrata,
440 2633 470 2687 et
489 2627 599 2687 veritas
613 2628 760 2687 occultata
772 2627 838 2688 talis
851 2637 906 2700 est,
921 2633 954 2687 ut
965 2633 1041 2688 Pon·

31 2711 99 2790 tifex,
114 2735 149 2778 ea
163 2716 503 2792 cognita,·rescriptum
525 2732 587 2775 non
610 2715 758 2788 dedisset3
780 2724 832 2776 aut
851 2716 926 2788 talis,
950 2722 984 2776 ut
1006 2732 1042 2775 ea

32 2802 106 2864 etiam
118 2805 248 2882 cognita,
274 2805 453 2881 rescriptum
474 2804 572 2864 adhuc
596 2805 746 2864 dedisset:
771 2804 797 2864 si
816 2820 877 2865 non
899 2804 1040 2880 dedisset,

31 2890 189 2969 obreptione
201 2894 251 2954 rel
262 2893 455 2969 subreptione
464 2891 643 2968 rescriptum
655 2892 784 2966 vitiatur,
795 2899 899 2969 utpote
908 2895 1040 2970 quodest

31 2986 119 3041 contra
132 2981 326 3042 concedentis
340 2982 543 3054 voluntatem3
568 2982 594 3041 si
614 2997 688 3041 vero
701 2983 881 3058 rescriptum
897 2981 1037 3057 dedisset,

30 3063 159 3132 incolume
182 3078 294 3146 manet,
308 3070 376 3147 qnia
398 3071 543 3131 voluntati
566 3071 702 3146 congruit
725 3071 1038 3147 comedentesque

29 3155 77 3216 vim
85 3160 491 3236 efficaciamquerescriptum
501 3160 633 3242 sortitur.
646 3159 982 3231 Quandonamautemin
992 3161 1038 3220 his

30 3242 243 3309 circumstantiis
257 3248 295 3308 sit
306 3248 442 3308 Pontifex
464 3249 643 3324 rescriptum
656 3249 790 3323 datums,
803 3251 851 3309 vel
873 3266 944 3322 non,
959 3267 1036 3309 ara-

30 3330 102 3410 tione,
116 3355 134 3396 a
147 3337 246 3412 praxi,
263 3355 299 3397 ac
321 3337 488 3413 praesertim
502 3355 519 3396 a
533 3338 611 3414 stylo
636 3337 725 3398 curiae
744 3343 789 3398 est
810 3338 980 3412 petendum.
996 3344 1036 3399 ile
1081 3362 1089 3378 ⁴-

29 3425 196 3498 ganeraliter,
215 3425 241 3484 si
254 3425 359 3485 vitium
373 3425 411 3485 sit
424 3426 455 3484 in
480 3442 571 3484 causa
583 3425 694 3485 motiva
707 3433 737 3486 et
750 3425 914 3502 principali,
927 3429 1035 3487 rescri-

1 3564 2 3586 ,
27 3515 94 3582 ptum
108 3513 242 3588 corruit3
260 3513 285 3572 si
300 3513 329 3573 in
345 3531 436 3574 causa
450 3513 606 3590 impulsiva
616 3519 646 3573 et
659 3513 842 3588 secundaria,
857 3515 1034 3592 rescriptum

26 3601 177 3664 sustinetur.
