2546 4082
577 204 737 262 ..299-

147 337 210 379 cum
223 329 261 380 est
270 325 442 393 1661161661,
455 327 618 383 recludit·
631 327 668 396 (9)
679 329 745 382 (166.
758 329 812 396 1111,
825 343 848 382 6.
861 328 899 396 11,
908 343 941 398 q„
950 330 973 384 3.
984 355 1016 370 ·-
1029 327 1079 396 (10)
1091 330 1118 384 S.
1130 330 1169 385 De

147 395 255 463 Ligario
269 398 288 451 1.
302 399 326 464 t,
342 413 369 452 n.
384 399 431 453 200
445 403 472 452 et
484 413 559 467 seqq.

180 570 245 626 289.
260 571 304 628 Ex
322 568 407 629 dictis
429 568 515 630 facile
533 569 690 646 colligitur,
719 568 884 644 beneficos,
910 577 942 632 61
964 569 1169 632 schismaticos

145 655 320 717 nominatim
341 674 402 718 non
426 657 615 719 denuntiatos
641 675 702 718 non
725 674 793 719 esse
816 658 1020 733 6116116666
1042 660 1168 737 proinde

146 745 402 806 communicantes
415 763 484 808 cum
501 747 607 808 iisdem
626 747 739 806 nullam
751 747 905 808 incurrere
915 749 1090 812 canonicam
1100 767 1166 826 poe-

145 849 224 894 nam.
239 833 432 896 Nihilominus
455 835 684 897 communicatio
698 852 767 898 cum
779 836 936 910 haereticis,
949 843 980 898 et
992 843 1167 900 excommu-

143 921 250 982 nicatis
262 923 351 985 etiam
366 925 507 986 tollemus
523 927 612 1003 plena
624 925 750 1002 periculi
765 941 832 986 esse
849 926 936 1000 solet,
951 927 1166 1002 6116616661-

141 1027 224 1084 mus;
250 1018 281 1073 et
306 1012 375 1072 ideo
401 1015 466 1074 talis
497 1012 727 1075 communicatio
752 1013 783 1073 in
805 1012 950 1086 civilibus,
973 1021 1004 1074 et
1029 1014 1166 1077 humanis

140 1100 274 1176 prudens
287 1106 318 1162 et
328 1108 416 1162 cauta
429 1119 496 1162 esse
509 1103 598 1163 debet
615 1119 672 1179 pro
686 1102 865 1163 necessitate
878 1101 988 1178 potius,
1008 1120 1098 1179 quam
1108 1121 1164 1180 pro

139 1188 246 1265 lubitu,
272 1189 401 1266 quiade
425 1190 561 1268 personis
583 1191 680 1268 agitur
707 1197 822 1252 Scenae
844 1190 968 1265 traditis,
993 1193 1120 1252 6116116
1146 1211 1165 1254 6

140 1281 256 1338 Satanae
276 1277 380 1354 spiritu
400 1278 561 1357 occupatis.
591 1279 908 1340 communicationem
922 1295 991 1339 cum
1015 1279 1163 1342 iisdemin

139 1367 243 1442 sacris,
258 1374 288 1428 et
300 1368 407 1428 divinis
419 1370 537 1429 videtur
550 1369 672 1429 omnino
686 1367 839 1429 catholicis
853 1367 1013 1428 interdicta
1023 1371 1074 1442 (1).
1090 1374 1163 1431 llam

139 1459 230 1516 Sacra
246 1457 440 1534 congregatio
454 1463 482 1518 S.
499 1457 592 1518 0111611
610 1458 801 1533 interrogata,
823 1474 861 1516 sn
882 1457 986 1516 liceret
1010 1457 1163 1518 catholicis

139 1545 361 1606 communicare
382 1563 450 1607 cum
476 1546 632 1619 haereticis,
649 1554 679 1606 et
696 1545 890 1606 schismaticis
902 1545 933 1604 in
946 1545 1018 1622 ipsis
1029 1546 1162 1622 partibus

138 1631 310 1708 infidelium,
333 1634 487 1712 respondit
502 1654 509 1695 :
523 1636 590 1696 Noc
613 1635 707 1709 licere,
732 1651 829 1710 neque
846 1633 936 1694 licere
954 1640 1039 1693 extra
1055 1651 1161 1696 casum

138 1728 280 1782 exhemae
307 1723 491 1784 necessitatis
517 1723 681 1784 catholicos
704 1723 735 1782 iu
748 1722 854 1783 divinis
873 1720 1065 1782 cumGraecis
1082 1717 1161 1781 schi‘-

137 1809 269 1870 smaticis
292 1813 548 1873 communicantes
574 1813 802 1883 absolverem).
831 1816 866 1870 nt
888 1810 1064 1870 Benedictus
1090 1815 1160 1887 xlv,

137 1901 327 1976 perpendens
349 1901 472 1962 citatum
495 1902 643 1968 indultum
665 1900 778 1961 llartini
790 1905 823 1970 V,
838 1900 935 1969 docet,
953 1898 1026 1958 illud
1039 1897 1160 1959 minime

136 1988 290 2063 prodesse,
305 1997 339 2050 ut
351 1990 487 2050 catholici
500 1989 616 2067 possint
631 1989 661 2049 in
681 1989 783 2061 666116,
799 1995 827 2048 61
841 1986 947 2047 divinis
961 2004 1030 2046 crum
1048 1987 1159 2047 haereti·

136 2075 180 2135 cis
198 2079 330 2138 toleratis
355 2078 591 2152 communicare,
623 2076 738 2138 etiamsi
760 2076 898 2136 catholici
923 2092 992 2137 cum
1012 2075 1159 2135 haereticis

135 2165 275 2240 permixti
302 2165 412 2240 vivant,
435 2172 465 2226 et
482 2166 664 2226 contrariam
691 2164 869 2225 sententiam
897 2165 1040 2236 confutat,
1068 2181 1158 2239 quam

136 2254 244 2313 summi
262 2255 429 2328 Pontifices,
453 2261 483 2315 et
508 2261 605 2315 sacrae
633 2254 883 2330 congregationes
906 2258 934 2313 S.
955 2252 1058 2327 Officii,
1073 2262 1103 2312 et
1116 2259 1157 2315 lle

135 2342 328 2418 Propaganda
341 2344 400 2404 fldc
413 2343 543 2404 illicitam
556 2343 675 2419 semper
690 2348 865 2418 reputarunt
880 2345 930 2416 (3).
949 2392 952 2401 ,

164 2480 201 2545 (l)
217 2481 427 2534 communicatio
443 2483 472 2533 in
485 2482 570 2534 sacris
582 2484 610 2533 61
635 2482 734 2533 divinis
748 2493 780 2533 ea
800 2483 850 2540 661,
866 2495 928 2548 quae
941 2481 971 2532 111
984 2480 1012 2532 iu
1026 2481 1155 2534 6661111616

135 2551 235 2610 Missa,
251 2552 277 2602 in
287 2552 377 2604 divino
390 2552 486 2611 officio,
501 2554 529 2604 iu
551 2553 668 2619 publicis
686 2551 863 2607 orationibus,
886 2553 1115 2620 processionibus,
1129 2557 1157 2604 et
1257 2547 1259 2606 Ῐ

134 2622 300 2675 solemnibus
312 2625 554 2689 benedictionibus,
574 2625 655 2676 immo
676 2628 703 2676 et
723 2625 749 2674 in
769 2624 939 2675 matrimonio
964 2623 1155 2675 contrahendo.
1256 2615 1258 2678 ἴ

132 2693 295 2747 Benedictus
308 2695 383 2759 XIV,
395 2696 429 2746 de
443 2695 535 2760 synod.
547 2695 565 2747 l.
582 2695 608 2759 6,
632 2709 656 2747 c.
671 2696 694 2755 5,
711 2708 739 2746 n.
759 2695 782 2746 3.
796 2721 828 2734 -·
844 2695 879 2760 (1)
893 2695 951 2746 Η66
961 2694 994 2746 de
1009 2708 1039 2745 ra
1054 2693 1156 2758 prodiit
1255 2689 1257 2756 j

132 2765 276 2817 instructio
292 2767 319 2818 S.
341 2767 560 2831 congregationis
573 2767 600 2818 S.
617 2766 703 2820 Officii
712 2766 776 2818 anni
792 2765 860 2824 1719,
876 2780 958 2832 quam
968 2766 1054 2817 161611
1064 2764 1154 2816 Giral-
1253 2789 1255 2829 4

132 2837 184 2888 dus
197 2837 232 2888 ad
245 2851 302 2902 cap.
317 2839 340 2889 8.
359 2839 393 2888 de
405 2843 472 2888 sent.
493 2852 593 2889 excom.
614 2838 649 2889 ad
668 2851 749 2903 quem
764 2837 892 2889 lectorem
913 2835 1082 2888 remittimus.
1101 2835 1155 2886 Sed

132 2922 193 2974 quae
209 2908 254 2960 hic
268 2910 427 2975 exponimus
449 2909 670 2960 confirmantura
686 2909 822 2960 decisione
837 2909 863 2959 S.
880 2907 966 2960 Officii
978 2907 1032 2957 diei
1048 2907 1076 2958 10
1089 2907 1154 2957 maii
1251 2915 1253 2956 l

133 2980 202 3040 1153,
218 2994 298 3046 quam
311 2980 456 3046 praedictus
469 2982 571 3032 Auctor
584 2995 632 3046 par
648 2986 789 3032 extensum
804 2979 887 3032 161611
901 2980 952 3031 166.
967 2979 1063 3039 611616;
1076 2989 1155 3030 66616
1249 2977 1252 3042 i

131 3052 307 3116 congregatio
320 3052 358 3102 ita
379 3065 486 3116 semper
505 3053 652 3116 respondit,
665 3055 691 3104 et
701 3052 766 3102 dum
782 3051 947 3102 Missiouarii
960 3051 1030 3100 inter
1045 3048 1155 3100 haereti·
1248 3055 1251 3120 j

131 3137 177 3175 cos
190 3125 309 3177 viventes
326 3125 454 3176 motivum
468 3125 663 3191 persecutionis
674 3125 867 3190 proponebant.
882 3123 905 3174 61
916 3121 1009 3173 fideles
1024 3120 1153 3172 cumillis

129 3209 185 3248 non
194 3199 444 3256 communicassent,
453 3197 479 3246 S.
491 3196 667 3260 congregatio
681 3196 836 3260 respondit:
849 3193 1033 3246 Necessarium
1043 3192 1153 3244 6616166
1246 3227 1248 3258 ,

130 3280 183 3320 esse
197 3269 376 3334 persecutioni
385 3281 440 3322 noa
453 3266 553 3329 cedere,
568 3281 597 3318 eo
611 3267 651 3318 vet
661 3265 880 3334 66166611666116
889 3263 1096 3331 ipsaequr'oalet
1108 3262 1151 3314 in·
1246 3263 1248 3287 l

129 3339 476 3416 161666116611661.-(1)
490 3339 653 3392 Benedictus
667 3338 742 3399 XIV,
756 3339 806 3390 166.
818 3338 862 3389 611.
879 3351 906 3388 n.
921 3338 945 3388 t.

164 3512 227 3569 290.
243 3507 404 3584 Suspensio
417 3517 458 3569 est
474 3525 599 3570 6666616
608 3509 808 3582 ecclesiastico,
824 3525 887 3585 qua
905 3505 1043 3567 61611666
1052 3505 1151 3582 privet

128 3597 268 3670 6616161116
281 3598 473 3680 [mirtheum
485 3599 534 3660 sui
546 3599 669 3673 ordinis,
688 3599 781 3674 officii,
797 3606 823 3659 61
837 3596 1092 3672 1666161161616,
1106 3593 1152 3654 661
