2546 4082
232 339 365 402 tentione
377 355 446 402 eum
459 339 620 418 obligandi,
637 343 671 401 ut
683 338 825 415 deinceps
844 337 901 399 tale
914 335 1093 398 beneficium
1104 331 1159 393 sibi
1171 329 1233 391 resi-

231 436 302 506 gnet
328 435 380 489 eut
404 430 509 506 alteri,
531 431 579 490 vel
604 428 660 490 sibi
686 429 735 490 vel
759 428 860 503 alteri,
884 427 1065 520 ‘pensionem
1093 429 1228 500 partemve

230 518 382 580 ductuum
407 520 513 580 solvet.

259 655 293 720 (l)
308 657 335 708 S.
351 655 496 722 Gregorius
509 657 546 708 ite
559 656 653 708 definit
666 657 725 709 baec
744 655 992 708 manumittentis
1010 653 1108 722 quippe
1127 649 1231 733 obole-

228 727 302 794 quio,
316 731 355 781 ert
374 729 485 794 rejectio
500 727 617 781 indebite
630 729 770 796 impenso:
790 741 918 780 mtmurc
938 741 1033 786 manu,
1047 737 1161 790 moereo
1172 733 1235 802 :ntoj

227 809 280 851 nete
292 813 310 852 a
322 799 425 866 linquo,
440 800 529 865 [aver.
546 800 611 852 Can.
636 801 689 860 lll,
706 815 730 852 o.
745 803 765 859 l,
780 815 806 866 q.
824 801 846 859 l,
864 800 928 852 Tale
948 797 1111 864 obsequium
1134 795 1204 852 toret,
1215 805 1235 842 ei

228 869 358 934 Clericus,
370 871 445 922 nullo
452 876 562 936 accepto
571 871 715 937 stipendio,
729 871 780 922 sub
792 871 965 936 promissione
975 868 1110 926 beneficii,
1120 868 1236 947 inmune-

227 954 257 994 re
271 943 410 994 secretarii
420 941 533 994 Prmlato
552 943 708 1001 deserviret,
724 943 768 994 vel
783 943 894 994 Praelati
908 942 1047 1007 negotium
1062 940 1091 988 in
1105 949 1180 989 curre
1191 934 1234 1015 Ro·

225 1025 306 1064 mana
318 1019 494 1078 promoveret.
509 1013 572 1080 Cap.
594 1015 631 1072 l‘i,
642 1013 676 1065 de
691 1014 820 1065 simonia.
831 1013 951 1066 Pecunia
966 1011 1067 1063 iudicet
1089 1022 1148 1060 rem
1162 1011 1232 1086 pretio

226 1084 414 1136 estimabilem
425 1084 525 1148 datam
542 1085 711 1152 promissam,
728 1085 771 1136 vel
792 1085 942 1143 remissam,
958 1083 999 1134 uti
1015 1082 1141 1162 remissio
1155 1077 1232 1130 dabui·

226 1153 346 1206 Pecunia
358 1156 430 1207 enim
439 1155 557 1206 omnium
572 1170 663 1207 rerum
678 1157 735 1208 vice
751 1157 871 1221 iungitur
885 1153 1042 1222 «quidquid
1057 1152 1178 1203 hommes
1195 1147 1232 1198 be·

227 1244 238 1273 ι
256 1225 322 1277 bont
334 1227 363 1276 in
376 1233 458 1287 terra.
469 1227 588 1278 omnium
598 1240 713 1292 quorum
723 1228 824 1278 domini
837 1231 908 1290 sunt,
918 1226 1035 1294 pecunia
1044 1227 1156 1275 vocetur
1166 1241 1172 1281 ;
1183 1231 1231 1300 ser·

226 1314 237 1343 ι
256 1309 316 1353 vus,
331 1310 388 1359 ras,
402 1310 475 1362 ager,
486 1298 575 1356 arbor,
591 1311 683 1362 pecus,
690 1297 822 1364 quidquid
835 1297 932 1348 borum
945 1301 997 1361 est,
1012 1295 1129 1361 pecunie
1140 1293 1230 1369 dicitnr.

225 1385 237 1414 ι
255 1365 316 1418 ldeo
325 1371 415 1420 autent
425 1371 541 1433 pecunie
553 1375 647 1420 vocate
660 1372 710 1426 est,
723 1372 787 1435 quie
800 1369 957 1433 untiquitus‚
973 1367 1046 1433 quod
1061 1365 1200 1444 habebant,
1209 1371 1230 1409 111

223 1456 234 1485 ι
256 1440 399 1502 pecoribus
413 1439 550 1490 habebant
565 1439 648 1491 econ.
663 1441 716 1499 6,c.
731 1443 752 1503 t,
769 1454 795 1508 q.
809 1439 832 1489 3.
843 1440 928 1490 Feror
939 1439 1048 1490 demum
1060 1436 1231 1502 complectitur

223 1507 326 1570 leudes,
340 1512 585 1562 commendationes
598 1517 625 1563 et
644 1525 737 1577 preces
756 1512 828 1576 apud
847 1515 985 1579 potentem
1003 1523 1054 1575 pro
1074 1509 1162 1576 aliquo
1182 1518 1230 1557 cun

221 1586 300 1644 pecto
316 1595 453 1646 expresso,
467 1583 509 1633 vel
518 1583 609 1642 tacito,
625 1589 655 1635 ut
668 1584 793 1634 laudatus
807 1583 962 1634 laudantem
974 1581 1107 1634 beneficio
1122 1591 1227 1633 remoue

221 1655 272 1702 ret,
283 1679 311 1690 -
322 1652 358 1718 (i)
372 1651 548 1708 Reiffeustuel
559 1653 593 1706 de
608 1655 673 1706 Sim.
692 1669 719 1706 n.
731 1655 763 1706 rt
774 1657 802 1706 et
815 1668 890 1722 seqq.

254 1829 317 1886 262.
327 1827 537 1891 Gravissimum
546 1833 778 1896 senescelusest
789 1828 1228 1908 simonia,iueutsimoniaoile

217 1914 319 1974 relicis
328 1917 440 1978 similes
453 1918 600 1994 dentur,
611 1927 663 1982 etl
666 1923 755 1982 udam
763 1925 948 1999 proditorem
959 1923 1121 1982 imitentur.
1132 1918 1228 1980 Nihilo·

217 2003 317 2063 minus
327 2004 353 2064 si
363 2007 494 2067 Simonie
505 2026 578 2084 pure
587 2012 725 2072 mentalis
735 2013 782 2085 sit,
794 2015 876 2073 nulle
887 2012 1027 2089 plectitur
1039 2008 1224 2073 ecclesiastice

217 2107 318 2166 poene,
329 2094 448 2169 quiade
462 2096 586 2157 internis
600 2115 661 2160 non
671 2100 786 2176 judicet
797 2101 941 2175 Ecclesia3
958 2119 994 2162 ac
1005 2101 1129 2178 proinde
1141 2099 1225 2158 solum

216 2183 309 2242 licum
316 2183 406 2244 hebet
419 2186 558 2261 ultorem,
573 2182 642 2249 etin
652 2191 802 2265 easefficit
810 2208 863 2267 per
872 2190 1224 2267 solompoenitentromsco
1250 2237 1251 2295 q

217 2270 386 2345 satisfecere
401 2273 593 2350 oracione).
609 2282 682 2338 ltem
699 2279 725 2338 si
739 2297 814 2355 pure
829 2280 1066 2340 conventionalis
1077 2278 1112 2338 sit
1124 2277 1224 2352 absque

214 2359 277 2418 ulle
286 2361 366 2435 pecti
375 2362 562 2437 executione,
572 2367 621 2426 vel
629 2367 810 2445 etiamjuxto
819 2369 1050 2445 probabiliorem
1065 2366 1223 2428 sententian
1249 2385 1250 2427 l

214 2449 449 2510 conventionalia
475 2453 569 2513 mixte
596 2472 665 2515 oum
691 2458 868 2518 executione
882 2459 961 2534 pecti
987 2476 1026 2518 ex
1049 2475 1109 2518 una
1123 2462 1221 2516 tentum
1248 2499 1249 2557 1

214 2542 308 2610 purte,
331 2539 390 2599 elie
415 2550 601 2618 repugnante
626 2546 675 2604 vel
697 2545 800 2620 inscie,
822 2549 905 2608 nulle
931 2548 1133 2608 ecclesiastice
1146 2559 1221 2622 poena
1247 2601 1248 2606 ,

213 2625 362 2702 plectitur,
377 2630 447 2704 quie
461 2631 563 2692 nullibi
580 2633 729 2694 invenitur
748 2636 853 2712 injure
867 2636 914 2698 his
929 2637 1068 2698 Simoniae
1083 2635 1219 2714 speciebus
1247 2607 1248 2689 l

214 2724 438 2792 prenestrinus,
454 2727 484 2780 et
504 2720 624 2782 aliunde
641 2725 675 2783 ln
690 2726 783 2800 penit
802 2725 953 2803 beniqoe'or
971 2735 1013 2787 cst
1036 2727 1219 2806 interpretatio
1246 2729 1247 2819 l

213 2805 350 2879 seeundo
364 2809 415 2878 (2).
437 2808 480 2866 nb
494 2809 551 2869 hac
572 2816 673 2870 tanuen
700 2815 804 2889 regula
824 2814 973 2892 excipitur
995 2817 1103 2877 electio
1128 2816 1218 2876 summi

213 2894 374 2970 Pontificio,
388 2895 420 2955 in
435 2914 494 2973 que
508 2898 638 2959 simonie
650 2903 885 2964 conventionalis
902 2907 1025 2979 punitur
1043 2909 1093 2979 (3).
1109 2905 1135 2966 Si
1147 2905 1216 2964 deni-

213 2997 272 3057 que
306 2985 345 3044 sit
371 2986 459 3046 realis
486 2987 601 3048 etiamsi
623 2992 741 3051 occulte
768 3009 867 3068 poenae
887 2993 953 3068 ipso
971 2995 1038 3070 jure
1065 2995 1215 3071 infliguntur

211 3079 317 3132 contre
336 3074 523 3136 simoniacos
534 3078 582 3136 'ob
595 3078 763 3154 ingressum
781 3082 810 3140 in
823 3082 1022 3158 illeligionem
1038 3085 1078 3143 ob
1098 3085 1212 3144 ordinum

210 3160 411 3237 collationem,
441 3171 471 3224 et
495 3167 534 3224 ob
563 3168 764 3242 collationem,
789 3177 840 3229 aut
867 3172 1079 3234 confidentiam
1094 3191 1101 3247 3
1116 3174 1144 3232 in
1161 3171 1209 3230 alis

209 3264 282 3308 vero
297 3250 426 3326 casibus,
443 3260 477 3313 nt
495 3253 525 3312 in
537 3255 707 3316 venditione
725 3275 825 3319 rerum
848 3277 1012 3334 sacrarum,
1033 3269 1084 3323 aut
1097 3260 1201 3322 ecclesia

206 3334 290 3396 sticae
314 3337 553 3416 jurisdictionis,
581 3350 633 3404 aut
670 3348 904 3422 Cepellouiarum
930 3367 990 3410 non
1025 3352 1202 3412 collativerun

207 3423 338 3485 simonie
363 3427 478 3490 etiamsi
503 3431 592 3492 realis
614 3435 730 3496 nudum
757 3437 874 3514 injure
898 3441 1044 3501 sancitam
1062 3442 1197 3515 relertpe·

206 3526 277 3573 nam
294 3516 345 3585 (t).

240 3601 399 3668 simoniaci
413 3605 453 3668 ob
472 3605 640 3685 ingressum
656 3613 687 3675 in
700 3614 885 3694 Religionem
903 3619 1085 3684 contrahunt
1098 3631 1193 3696 suspu-
