2490 4088
620 167 763 224 ..36-

182 291 325 358 epIscopis,
333 291 381 344 sed
389 291 470 343 etiam
481 289 651 358 principibus
663 291 840 344 saecularibus
854 292 986 356 tribuent,
996 293 1028 342 ut
1036 303 1097 342 eam
1110 297 1225 358 queant

183 365 301 428 dirigere
321 365 349 415 et
372 365 489 421 mutare,
512 362 583 413 sicut
599 362 793 426 Protastantes,
810 366 838 414 et
853 361 1039 414 Gallicanismi
1060 367 1225 415 sectatores

181 435 293 488 iaciunt.
307 459 338 472 -
352 434 387 498 (6)
405 432 483 484 Circa
503 433 614 484 Missala
631 434 815 496 observamus,
830 434 913 485 luisse
928 448 944 486 a
958 433 985 486 S.
1003 435 1053 486 Pio
1065 435 1101 486 V.
1123 435 1223 486 sanci-

182 510 249 571 tum,
267 509 299 558 ut
320 506 348 556 in
362 504 487 557 omnibus
501 504 623 556 ecclesiis
639 505 753 556 Romani
775 506 844 556 ritus
865 505 948 556 Missa
962 506 1122 558 celebretur
1142 507 1225 571 juxta
1240 506 1241 530 ³

181 577 291 629 Missele
311 580 375 636 ajsa
392 576 502 634 editum,
523 575 585 626 allis
607 577 733 628 omnibus
754 575 920 640 suppressis,
939 577 977 627 Ite
991 581 1022 627 ut
1042 577 1110 628 huic
1132 577 1225 627 Plano

182 649 286 702 MIssali
299 647 366 698 nihil
376 661 505 713 umquam
519 647 590 704 addi,
605 648 719 706 detrahi,
735 652 782 699 aut
795 649 933 699 immutari
947 652 1046 711 posset,
1063 654 1091 699 et
1106 653 1144 699 ut
1159 648 1225 698 alife

183 720 368 778 caeremoniae,
387 722 434 770 aut
456 730 568 783 preces,
589 732 671 784 quam
693 732 755 784 quae
777 718 803 769 in
826 717 877 770 hoc
899 718 1002 770 Missali
1026 721 1224 776 contiuentur,

182 805 353 858 quecumque
363 789 566 849 consuetudine,
576 789 726 856 privilegio,
738 792 765 840 et
775 790 926 853 juramento
939 791 1076 842 roboratae
1086 791 1119 840 in
1132 791 1226 841 Missa

183 863 254 921 eddi,
270 863 313 912 vel
336 861 443 912 recitari
466 875 519 911 non
533 866 645 926 possent
660 861 711 912 suh
726 860 890 926 Apostolicee
909 860 1103 926 indignationis
1122 876 1223 927 poena.
1241 905 1242 910 ,

183 933 308 998 Exceptio
324 931 462 983 tamenab
484 932 577 983 eodem
593 931 722 983 Pontilioe
744 932 814 982 lacta
836 931 887 981 suit
900 932 929 984 in
942 947 1015 991 casu,
1032 947 1086 998 quo
1100 933 1144 984 ab
1162 934 1225 998 ipse

183 1008 272 1072 prima
286 1019 336 1056 sua
349 1003 517 1054 institutione
534 1003 644 1054 Missale
657 1003 739 1053 luerit
758 1017 774 1053 a
797 1001 861 1054 sede
883 1003 1036 1067 Apostolica
1050 1005 1223 1068 probatum,

184 1079 228 1130 vel
237 1080 294 1142 jam
308 1075 447 1126 assiduam
461 1075 660 1126 observantiam
675 1073 801 1125 hebuerit
810 1074 883 1124 ultra
894 1073 1023 1126 ducentes
1036 1089 1141 1126 annos.
1163 1077 1224 1127 Hoc

182 1148 339 1206 notandum,
357 1146 429 1212 qrtod
444 1146 472 1196 in
486 1145 608 1196 ecclesiis
622 1145 736 1196 Romani
751 1145 828 1208 ritus,
843 1145 937 1210 quales
954 1149 1031 1196 erant
1043 1158 1149 1198 omnes
1164 1148 1224 1198 fere

182 1220 302 1275 ecclesiia
319 1215 483 1274 Occidentis,
497 1219 557 1267 ante
573 1216 600 1266 S.
616 1216 697 1266 Pium
710 1217 744 1274 V,
764 1216 907 1266 observata
926 1217 1034 1280 quidem
1048 1217 1103 1267 nult
1117 1217 1223 1269 eadem

182 1290 292 1355 liturgia
301 1289 329 1340 in
342 1287 581 1348 substantialibus;
592 1285 640 1337 sed
655 1288 682 1336 in
693 1285 905 1337 accidentalibus
915 1287 1040 1352 quaedem
1050 1286 1081 1337 iu
1095 1289 1223 1354 quibus·

182 1365 245 1417 dam
260 1358 407 1426 provinciis
419 1357 579 1408 Introductae
593 1357 702 1408 fuerunt
715 1357 886 1408 variationes.
898 1356 961 1409 Jam
973 1369 1036 1409 vero
1050 1357 1103 1410 has
1124 1360 1222 1410 varia-

181 1440 269 1488 tiones
292 1434 354 1482 ante
376 1429 421 1480 bis
440 1433 548 1480 centum
573 1441 657 1480 annos
681 1428 856 1485 introductas,
875 1431 903 1480 et
922 1428 1031 1480 assiduo
1043 1434 1178 1484 retentas
1193 1434 1220 1484 S.

183 1508 250 1560 Pius
262 1503 296 1566 V,
309 1500 459 1552 incolumes
475 1501 602 1558 servavit,
614 1503 645 1550 et
657 1500 750 1551 videre
763 1504 806 1550 est
819 1499 846 1549 in
863 1501 923 1564 ejus
936 1501 996 1552 Bul.
1010 1500 1065 1567 Orto
1086 1503 1221 1567 mimum

181 1585 299 1642 tempore
313 1572 416 1623 MIssali
429 1571 580 1637 praemissa.
601 1570 704 1623 Deinde
718 1570 841 1622 Clemens
858 1571 937 1634 VIII,
948 1577 974 1623 et
987 1572 1121 1625 Urbanus
1135 1576 1219 1634 VIII,

182 1648 307 1704 simililer
321 1642 493 1701 manderent,
507 1648 537 1693 ut
551 1641 602 1693 hoc
614 1642 724 1694 Missele
739 1645 815 1693 extre
827 1644 925 1693 statum
936 1644 1160 1696 ecclesiasticum
1174 1647 1220 1699 edi

182 1735 236 1772 non
251 1717 353 1782 posset,
367 1713 421 1763 nisi
437 1711 470 1763 de
485 1712 594 1764 licentia
605 1713 810 1778 Inquisitorem,
823 1713 867 1764 vol
878 1713 1084 1765 Ordinariorum
1096 1716 1128 1767 in
1144 1719 1219 1770 scri-

182 1793 238 1860 ptis
249 1788 359 1839 obtenta
369 1784 454 1843 initio,
465 1784 508 1834 vel
522 1784 550 1834 in
564 1785 617 1836 tino
631 1784 749 1836 Misselis
758 1784 945 1849 Imprimenda,
956 1787 985 1836 in
994 1793 1048 1850 qua
1058 1787 1114 1852 ipsi
1128 1803 1220 1840 manu

182 1860 294 1930 propria
303 1860 504 1918 attestarentur,
513 1855 675 1921 impressum
685 1855 794 1906 llissele
803 1869 865 1906 eum
876 1856 960 1908 PIano
972 1858 1102 1908 collatum
1113 1861 1218 1920 luisse,

183 1939 211 1988 et
225 1929 332 1984 omniuo
347 1926 520 1984 contendero,
531 1927 697 1992 gravissimis
712 1927 843 1991 imposItis
854 1927 942 1992 poenis
953 1930 1010 1978 tum
1019 1932 1218 1996 typographis,

183 2012 240 2058 tum
253 1997 472 2065 Inquisitoribus.
483 1999 510 2048 et
524 1997 676 2050 Ordinariis
689 2000 782 2049 contra
795 1997 964 2057 iacientibus,
976 2003 1033 2050 tum
1046 2001 1132 2051 etiam
1147 2004 1218 2055 Mis·

182 2078 240 2130 sela
256 2085 310 2124 non
324 2068 439 2135 probato
452 2068 602 2119 utentibus.
620 2068 679 2118 Bul.
692 2066 758 2120 Cum
773 2067 973 2120 sanctissimum
987 2069 1070 2120 Clam.
1087 2071 1174 2138 VIII,
1191 2079 1219 2126 et

184 2149 245 2200 Bul.
256 2139 287 2196 St
299 2139 365 2208 quid
374 2142 411 2192 est
421 2139 491 2190 Urb.
503 2139 573 2190 VIII
582 2139 686 2190 llissali
699 2139 832 2205 apposita.
846 2139 912 2190 fleo
922 2139 1039 2192 dixImus
1047 2141 1083 2192 de
1093 2143 1221 2196 Missali-

180 2211 361 2271 bus-Romani
376 2211 454 2274 ritirs,
468 2210 533 2275 quia
546 2223 601 2260 non
614 2209 798 2261 extenduntur
813 2209 922 2268 adalia,
936 2211 1020 2262 veluti
1033 2213 1068 2264 ad
1086 2216 1217 2268 Ambro-

181 2291 297 2342 SIenum,
313 2282 347 2333 ed
369 2281 576 2344 Mozarebicem,
598 2293 630 2332 ac
647 2281 801 2346 praesertIm
822 2281 856 2331 ad
871 2281 1004 2333 Graecum.
1022 2284 1112 2336 Graeci
1137 2291 1217 2340 enim

180 2361 284 2412 habeut
303 2352 506 2418 Euchologium.
531 2353 603 2420 quod
628 2351 708 2403 simul
728 2351 846 2410 Missale,
865 2351 981 2416 Riteale,
996 2355 1172 2420 Pontificale,
1189 2367 1218 2414 et

182 2423 375 2484 Geeremoniela
388 2426 450 2474 est:
470 2437 524 2490 qua
541 2423 575 2474 de
595 2437 623 2474 re
643 2423 736 2490 plures
750 2422 834 2473 edidil
847 2423 937 2474 helles
950 2425 1114 2480 Benedictus
1130 2431 1215 2496 XIV,

180 2506 212 2554 et
222 2505 264 2554 est
277 2495 337 2548 Bul.
356 2493 564 2553 Demaenetum,
579 2493 640 2545 Bul.
654 2491 713 2547 Etsi
725 2493 877 2558 pastoralis,
892 2493 952 2545 Bul.
967 2494 1008 2548 lle
1019 2501 1172 2562 pastorali,
1188 2511 1217 2555 et

180 2575 242 2627 Bel.
258 2569 299 2622 Ea
312 2579 364 2633 quo
378 2567 541 2632 primum-
553 2565 590 2630 (7)
603 2565 681 2616 Circa
696 2565 865 2616 BrevIarIum
878 2566 1061 2632 observemus,
1077 2575 1216 2627 eumdem

183 2646 212 2696 S.
229 2645 309 2696 Pium
321 2638 347 2689 V
359 2649 402 2687 au.
419 2635 478 2688 1568
499 2637 527 2687 in
550 2637 671 2688 ecclesiis
691 2635 756 2686 rItui
769 2635 890 2688 Romano
904 2638 1019 2690 addictis
1031 2643 1123 2692 omnia
1139 2645 1215 2699 Bre-

179 2715 266 2768 VIera
280 2707 440 2771 abeleVIsse,
456 2722 517 2773 quae
542 2708 577 2758 eb
600 2721 693 2758 eorum
707 2707 795 2772 prima
809 2707 975 2761 institutione
988 2725 1042 2762 nen
1057 2711 1185 2770 luissent
1199 2733 1217 2769 a

179 2787 244 2840 sede
260 2779 418 2848 Apostolioa
431 2779 588 2845 approbata,
598 2779 641 2830 vel
655 2778 773 2830 assiduas
787 2778 965 2832 observantia
977 2782 1107 2836 ducentos
1120 2800 1217 2841 annos

177 2873 233 2910 non
252 2853 393 2906 haherent.
407 2854 434 2900 et
450 2864 530 2900 seem
551 2863 651 2901 novum
665 2849 781 2900 edidisse
795 2849 972 2906 BrevierIum.
986 2854 1058 2918 quod
1071 2863 1217 2926 praecepIt

178 2931 213 2982 ab
228 2926 353 2980 omnibus
369 2921 466 2986 accipI,
479 2925 506 2972 et
522 2921 638 2981 recitari,
654 2922 733 2972 Iteut
745 2920 770 2971 ei
782 2920 850 2971 nihil
870 2922 942 2982 addi,
953 2925 1066 2982 detrahi,
1082 2935 1132 2979 aut
1147 2946 1216 2983 mu·

178 3000 230 3052 tari
244 3003 344 3063 posset,
358 2997 384 3044 et
397 2991 435 3043 ite
447 2997 478 3042 ut
492 3005 585 3044 omnes
599 2991 733 3057 obIIgeret
752 2993 780 3042 in
803 2993 967 3045 conscientie
983 2995 1034 3046 suh
1050 2999 1125 3062 gravi
1146 3016 1215 3067 pec·

178 3074 246 3128 cato,
267 3072 292 3120 et
313 3066 363 3118 suh
385 3077 467 3129 poena
480 3076 535 3113 non
549 3063 732 3114 setislaciendi
746 3069 879 3128 praecepto
895 3067 1059 3118 recitationis
1074 3068 1217 3124 horarum

179 3140 386 3199 canonicarum
406 3135 467 3186 Bel.
487 3133 592 3198 (leode
609 3133 683 3205 notis
698 3134 834 3186 Brevierio
848 3136 976 3201 praemitti
994 3138 1082 3189 solitu.
1106 3141 1216 3196 Postea

177 3213 301 3263 Clemens
315 3207 382 3260 VIlI
394 3210 421 3259 et
433 3205 562 3257 Urbanus
575 3203 642 3255 VIII
655 3205 878 3271 praescripserunt
886 3209 1075 3261 necessilatem
1088 3210 1217 3267 licentiae

178 3282 382 3347 Inquisitorem,
397 3276 440 3330 vel
455 3275 669 3334 Ordinariorum
688 3290 820 3342 pronora
834 3277 921 3341 ipsius
935 3278 1069 3332 Breviarii
1087 3282 1216 3349 impres-

178 3354 263 3417 sione,
276 3351 365 3412 modo,
389 3353 415 3402 et
439 3346 490 3399 suh
512 3347 610 3411 prauis,
631 3349 662 3397 ut
685 3361 768 3412 supra
788 3348 822 3399 de
836 3347 940 3400 MIssali
961 3350 1062 3404 dictum
1075 3358 1127 3405 est.
1146 3357 1214 3410 Bul.

178 3421 245 3477 Cum
254 3423 286 3476 in
298 3421 405 3476 ecclesia
418 3419 503 3472 Glem.
514 3417 592 3483 Vlll,
603 3421 630 3469 et
642 3418 703 3469 Bul.
714 3417 845 3472 Divinam
853 3419 1036 3475 Psalmodicm
1045 3424 1216 3482 Urb.V111.

176 3495 272 3560 Neque
285 3494 357 3545 valet
371 3501 463 3544 contra
476 3488 607 3553 praedicta
620 3489 678 3541 ulla
689 3491 869 3556 praescriptio,
883 3506 945 3557 quae
965 3508 1019 3545 nou
1039 3495 1145 3550 habeat
1159 3501 1217 3554 du-

177 3569 268 3622 centos
286 3578 371 3618 annos
385 3561 563 3615 observantie
578 3566 640 3612 ante
658 3562 685 3613 S.
707 3563 785 3614 Pium
798 3563 831 3622 V,
847 3569 878 3614 ut
894 3563 998 3628 pluries
1013 3566 1169 3624 declaravit
1185 3575 1216 3628 S.
