2468 4090
455 213 491 226 —
508 183 562 244 203
579 213 615 228 ·-

42 314 82 369 Ea
95 309 361 386 dioecesisportio,
377 323 445 386 quae
457 308 495 367 ab
509 309 667 384 Episcopo,
677 309 726 368 vel
739 306 896 383 superiore
909 307 1043 384 regenda

11 399 149 458 Parocho
162 397 365 469 committitur,
390 395 499 457 dicitur
518 413 536 455 a
560 394 668 456 Latinis
688 395 842 468 Parochia,
858 402 888 455 et
903 413 921 455 a
935 395 1044 458 Graecis

13 486 157 558 paroecia,
173 503 241 562 quae
254 486 344 546 debet
357 487 479 546 omnino
493 491 545 545 aut
563 483 680 544 ratione
698 483 850 558 territorii,
871 490 924 546 aut
937 485 1045 546 saltem

13 575 127 634 atione
143 591 341 651 personarum
352 577 403 647 (E),
426 591 492 656 esse
506 573 713 646 determinata,
728 579 758 633 et
771 588 857 634 snam
874 580 975 649 aptam
991 574 1045 633 ha-

14 663 81 724 bere
94 664 272 740 Ecclesiam,
286 681 352 741 quae
365 663 545 740 paroehialis
557 668 747 738 nuncupatur
763 666 817 736 (3).

40 878 72 943 (l)
88 878 233 932 Parochus
246 879 309 932 lieet
323 880 435 947 proprie
451 879 549 932 Pastor
561 879 694 944 appellari
713 892 768 930 non
788 877 882 943 possit,
905 878 970 944 quia
987 879 1043 931 Pa·

16 953 66 999 stor
79 963 147 1000 rere
161 950 269 1012 dicitur,
285 952 331 1016 qui
346 951 495 1003 Ecclesiam
514 957 541 1003 et
557 950 651 1002 ildeles
664 951 734 1015 regit
750 964 811 1001 cum
828 949 942 1013 imperio
959 953 986 1001 et
999 951 1046 1016 jn-

17 1019 171 1071 risdictione
186 1023 296 1071 externa
310 1021 406 1084 activa,
419 1036 474 1087 qua
488 1027 559 1073 certe
574 1026 648 1072 caret
663 1020 814 1079 Parochus;
834 1019 981 1084 improprie
1004 1023 1047 1072 ta·

18 1104 72 1140 men
99 1090 217 1142 Parochi
240 1092 415 1156 appellantur
437 1093 574 1151 Pastores,
598 1091 669 1157 quod
689 1091 822 1155 significat
840 1090 1047 1142 ministresvari

20 1161 147 1224 Pastoris,
164 1175 262 1227 nempe
276 1164 413 1228 Episcopi,
426 1163 469 1214 vel
486 1165 609 1214 Pastores
623 1161 734 1214 secundi
749 1160 862 1212 ordinis.
881 1161 924 1210 lta
937 1160 1048 1212 Triden-

21 1233 101 1282 tinum
115 1232 263 1297 compellat
277 1235 403 1284 Pastores
419 1235 501 1285 etlam
516 1234 659 1284 Parochos.
673 1233 745 1284 Sese.
760 1233 800 1294 25,
813 1247 836 1284 c.
850 1231 888 1293 lt,
901 1230 935 1282 de
949 1231 1008 1293 reia
1021 1235 1049 1284 et

21 1300 80 1352 Pius
94 1301 146 1362 Vl,
160 1302 189 1352 iu
204 1302 302 1353 litteris
316 1304 349 1353 ad
369 1303 516 1370 Episcopus
540 1303 645 1362 Gallia,
669 1302 696 1353 la
721 1304 807 1368 April.
833 1301 902 1360 1791,
921 1302 1049 1354 flecteres

22 1372 216 1434 parochialium
229 1377 307 1424 vocat
319 1374 466 1434 Parochus,
478 1374 535 1426 sive
549 1374 676 1426 Pastores
686 1373 797 1426 secundi
808 1372 920 1423 ordinis.
932 1372 1049 1424 Theiner

23 1441 122 1505 docum,
138 1443 211 1494 inad.
226 1449 244 1494 t.
263 1443 286 1507 l,
306 1458 333 1495 n.
355 1444 395 1495 lt.
416 1445 494 1496 Unde
510 1444 666 1496 Pontificale
682 1445 832 1496 Romanam
847 1443 969 1494 reterens
982 1443 1048 1494 ulti·

23 1525 88 1563 mam
102 1513 292 1565 allocutionem
307 1514 432 1580 Episcopi
446 1515 480 1565 ad
496 1515 634 1580 Synodum
647 1514 706 1565 haec
722 1513 805 1564 hahet
823 1532 830 1563 r
853 1511 907 1564 Nor
924 1508 1049 1565 Partem

24 1584 99 1635 castri
117 1597 227 1649 aurnum
245 1584 289 1637 Ver
311 1589 403 1638 aulon
418 1585 541 1638 Pastores
559 1586 719 1638 animarum
740 1584 812 1636 vobis
833 1582 1047 1636 connubiorum.

26 1652 84 1704 Ord.
95 1655 132 1706 ad
145 1654 245 1719 Synod.
262 1657 401 1708 parochus
415 1661 515 1719 autem,
528 1657 575 1722 qui
588 1670 651 1709 vere
665 1656 812 1707 Ecclesiam
827 1655 924 1720 diligit,
937 1655 1052 1719 accipiet

26 1731 177 1778 reverenter
196 1740 293 1779 nomen
314 1729 443 1791 Pastoris,
468 1741 528 1779 cum
550 1727 590 1778 illi
609 1741 625 1778 a
641 1727 839 1792 superioribus,
861 1727 905 1778 vel
924 1725 1050 1778 fidelibus

27 1796 152 1858 traditum
168 1797 215 1849 sed
230 1799 344 1864 curabit,
367 1813 401 1851 ne
415 1813 445 1851 se
462 1799 601 1850 Pastorem
616 1798 756 1848 nominet:
777 1811 840 1848 nam
854 1797 927 1848 mala
941 1797 1049 1848 luctuo-

28 1867 140 1926 sissima,
156 1881 219 1933 quas
233 1870 340 1921 saeculis
355 1870 538 1935 praeterlapsis
551 1882 568 1920 a
581 1869 649 1920 salso
662 1869 794 1920 attributa
812 1869 942 1920 Parochis
956 1868 1047 1934 qnali-

28 1941 76 1988 tata
90 1939 235 1990 Pastorum
252 1953 332 2005 passa
345 1947 387 1997 est
400 1940 530 2002 Ecclesia,
550 1939 638 1991 adhuc
657 1940 725 1992 forte
743 1940 771 1990 in
784 1939 947 2004 quibusdam
961 1939 1049 2000 persi-

30 2011 107 2060 stunt.
127 2009 199 2061 Illud
212 2023 277 2062 sane
291 2015 408 2076 systema
428 2011 573 2062 extollendi
597 2010 732 2062 Parochos
755 2015 848 2061 contra
862 2011 1051 2075 Episcopos,a

29 2076 185 2132 lansenistis
205 2087 413 2148 propugnatum,
423 2086 479 2132 ata
494 2081 679 2134 schismaticis
691 2081 899 2146 magnificatum,
912 2080 1051 2132 exitiosius

29 2146 152 2214 Ecclesiae
172 2152 253 2216 pleae
275 2153 335 2215 luit,
351 2166 435 2217 quam
452 2152 609 2204 damnatum
630 2152 705 2203 herii
727 2151 1050 2215 Presbyterianismum3

30 2231 84 2270 nam
98 2219 151 2272 hoc
164 2221 280 2274 iaciebat
292 2223 469 2287 Presbyteros
483 2223 602 2288 aquales
616 2222 767 2288 Episcopis,
777 2221 849 2288 qarod
862 2221 942 2272 facile
951 2234 1050 2288 appro-

30 2287 160 2344 bationem
174 2292 293 2345 oblinere
307 2293 457 2359 nequibat:
483 2293 530 2344 sad
544 2293 621 2355 illud,
636 2293 708 2358 quod
723 2293 794 2344 solus
809 2291 944 2343 Parochus
959 2305 1050 2358 aequa·

31 2355 63 2410 les
75 2362 257 2414 constituebat
270 2363 420 2429 Episcopis,
437 2363 612 2427 commodius,
628 2368 656 2416 et
673 2363 843 2430 probabilius
855 2362 1008 2427 videbatur,
1021 2367 1053 2414 ut

31 2427 131 2484 facilius
143 2433 339 2486 admitteretur.
354 2435 444 2498 Quare
456 2435 540 2501 hujus
554 2436 708 2499 systematis
722 2435 855 2486 ductores
868 2434 929 2496 hoc,
949 2434 993 2485 rel
1012 2433 1051 2485 si-

30 2501 80 2552 mili
93 2503 175 2555 modo
188 2505 420 2558 ratiocinabantur
441 2526 448 2556 ι
470 2505 609 2558 Parochus
630 2509 672 2558 est
692 2504 790 2557 Pastor
810 2505 962 2557 Ecclesia:
987 2517 1053 2569 ergo

29 2569 82 2632 J'ura
96 2574 188 2626 divino
202 2576 340 2629 institutus
356 2591 440 2643 :ergo
455 2578 555 2636 doctor,
580 2582 607 2628 at
626 2590 742 2642 sponsus
755 2575 878 2627 ecclesi·
895 2595 901 2627 ι
915 2588 979 2640 ergo
993 2587 1050 2625 ma·

31 2643 106 2704 gister
120 2645 193 2709 lldci,
208 2647 327 2712 atJ‘udex
340 2661 569 2713 causarumzergo
583 2648 618 2699 ab
634 2647 764 2712 Episcopo
778 2647 973 2714 independens,
989 2649 1052 2709 etc,;

32 2723 85 2775 ipre
94 2719 185 2768 omnia
199 2731 280 2783 wem
294 2717 361 2770 talea
372 2720 436 2783 sint,
449 2733 529 2771 nemo
542 2723 592 2780 est,
606 2718 653 2784 qui
670 2732 723 2770 non
736 2717 836 2770 videat.
852 2717 932 2770 Unde
946 2721 1052 2783 tempo·

34 2785 101 2838 ribus
117 2788 219 2840 nostris
232 2789 349 2840 maxime
367 2789 434 2840 illud
454 2790 604 2842 consultius
624 2795 760 2853 putamus,
774 2801 809 2839 ne
827 2788 943 2840 Parochi
957 2788 1010 2839 hoc
1023 2801 1054 2840 se

33 2860 134 2910 nomine
146 2847 371 2924 distinguant,'ne
386 2859 510 2925 ingerant
524 2859 604 2911 malae
619 2859 686 2910 artis
701 2859 892 2924 suspicionem.
904 2859 1036 2924 Proptere

33 2923 117 2980 terunt
127 2943 215 2994 nuper
227 2943 243 2982 a
255 2930 386 2982 Romanis
401 2931 579 2983 Revisoribus
595 2932 759 2995 expunctum
781 2931 866 2982 fuisse
885 2943 984 2981 nomen
999 2927 1053 2982 Pn-

34 2999 139 3065 tionem,
156 3001 228 3066 quod
242 3001 337 3053 Patres
352 3002 492 3066 cuiusdam
508 3002 621 3054 concilii
640 3000 817 3053 Prouincialis
839 3000 936 3052 Gallim
950 3000 984 3051 ad
1000 2999 1053 3051 ra-

35 3070 121 3122 rochos
132 3071 314 3137 designandos
328 3071 518 3123 adhibuerunt.
533 3072 619 3124 Nordi
634 3072 661 3122 in
676 3085 757 3136 opere
772 3069 1053 3124 cataractarum.

36 3161 60 3174 -
71 3141 107 3206 (P)
120 3141 188 3193 Haec
200 3142 390 3194 determinatio
403 3142 433 3193 ut
448 3143 477 3194 in
490 3143 625 3208 parochiis
641 3142 791 3207 gentilitiis,
806 3145 853 3192 aut
864 3141 1054 3204 familiaribus,

36 3208 64 3259 ad
74 3226 142 3277 quas
156 3212 292 3277 pertinent
300 3218 394 3277 gentes
407 3213 524 3277 alicujus
538 3213 658 3275 lamiliae,
669 3218 716 3263 aut
729 3212 890 3277 agnationis,
902 3213 944 3263 vel
956 3225 1053 3276 cogna-

37 3276 117 3333 tionis.
127 3309 161 3319 -
174 3281 208 3345 (3)
223 3282 372 3347 Parochiae,
387 3287 414 3335 et
426 3282 541 3334 Parochi
552 3285 662 3334 nomina
675 3283 753 3334 valde
768 3283 878 3348 antiqua
890 3289 954 3334 sunt
968 3303 974 3334 :
990 3295 1054 3335 nam

37 3347 188 3405 Parochiaa
202 3353 331 3406 Romanis
349 3354 491 3406 dicebatur
504 3354 694 3416 diversorium,
709 3354 738 3404 in
756 3369 809 3420 quo
827 3355 935 3419 Legatis
947 3354 1050 3406 Princi-

38 3431 102 3487 pum,
117 3429 146 3477 et
157 3425 326 3491 Reipublicae
348 3439 430 3477 censa
445 3426 683 3492 peregrinantibus
697 3425 761 3475 vitae
775 3424 929 3477 necessaria
941 3425 1052 3477 exhihe-

38 3487 139 3571 bantur,
153 3497 181 3548 at
193 3496 241 3561 qui
252 3497 339 3548 eidem
357 3498 483 3561 praeerat,
506 3497 644 3548 Parochus
663 3496 812 3556 dicebatur,
826 3499 857 3548 ut
867 3496 950 3548 habet
963 3495 1051 3548 Hora-

39 3565 85 3620 tlus
103 3567 133 3621 in
149 3566 168 3620 l.
190 3569 212 3630 l,
231 3580 316 3622 serm.
336 3571 387 3622 sat.
405 3569 430 3622 5.
450 3569 474 3624 h
494 3568 597 3622 Grecis
615 3580 679 3623 vero
697 3567 835 3634 Parcecus,
855 3567 899 3621 vel
922 3568 1054 3624 Paroeeou
