2468 4090
641 199 802 256 ..m-

200 319 274 382 nari.
287 323 350 379 lloc
363 323 462 378 autem
473 319 636 390 decretum,
657 319 740 394 quod
753 320 869 379 clarum
882 324 928 378 est
942 315 1091 378 decausis
1105 315 1220 391 Episco-

198 423 307 486 porum
319 406 529 480 criminalibus,
549 406 617 466 silet
635 407 759 468 omnino
783 409 821 468 de
842 408 988 468 civ'dibus.
1007 411 1221 482 Argumentum

197 497 296 574 itaque
308 495 488 572 capiendum
499 512 566 556 esse
579 495 709 570 videtur,
729 497 767 556 ad
782 495 883 558 civiles
895 512 1001 556 causas
1015 511 1078 554 nou
1094 492 1220 564 extendi,

197 601 264 662 quae
281 584 407 684 proinde
424 592 457 645 ut
476 583 558 658 dim,
581 583 621 644 ita
645 600 737 657 nuno,
763 585 801 646 ab
826 584 1060 661 Archiepiscopo
1086 588 1220 659 poterunt

197 671 350 750 cognosci,
364 671 619 748 quemadmodum
630 673 721 734 docet
732 675 834 750 Engel,
843 679 873 734 et
888 669 1219 745 Reiffeustuel(13),qui

198 761 377 823 cononem
394 765 422 822 S
439 761 683 837 congregationis
706 762 940 824 declarationem
962 779 982 821 a
1001 762 1138 822 Barbosa
1158 775 1232 836 pro

196 849 318 912 ductam
330 866 393 910 uon
405 849 546 910 omittunt
560 849 664 926 citare,
679 850 718 912 de
732 851 962 928 cujusveritate,
977 857 1029 911 aut
1042 857 1118 926 apta
1132 847 1218 924 appli-
1231 833 1232 884 l

195 939 313 1000 catione
323 940 516 1000 vehementer
529 938 674 1000 dubitant.
690 939 822 1016 idipsum
839 940 930 1000 docet
943 955 1064 1015 quoque
1077 937 1232 998 uoueret-¹

195 1029 254 1103 lus,
274 1027 326 1105 qui
346 1026 544 1104 quaestionem
558 1044 614 1104 per
632 1045 726 1090 novas
738 1033 770 1091 s.
790 1027 1034 1106 congregationis
1053 1023 1232 1087 decisiones

196 1117 344 1178 sublatam
354 1117 549 1190 demonstrat,
563 1117 605 1178 ita
616 1124 651 1178 ut
663 1118 912 1195 hrchiepiscopus
924 1119 955 1176 in
970 1115 1072 1177 causis
1088 1114 1220 1176 dvilibus

196 1207 456 1282 suffraganeorum
469 1204 564 1281 possit
579 1205 611 1266 iu
623 1207 720 1283 prima
731 1206 873 1268 instantia
888 1221 1087 1281 cognoscere,
1104 1202 1220 1280 quando

196 1295 362 1372 Episcopus
373 1293 434 1370 agit
442 1300 549 1355 muira
559 1295 787 1371 Episcopum,at
797 1296 917 1372 quando
927 1294 1067 1356 subditus
1078 1293 1220 1370 Episcopo

195 1383 257 1458 agit
268 1391 375 1446 contm
388 1383 488 1460 ipsum
500 1383 690 1460 Episcopum,
705 1385 731 1445 si
740 1386 852 1462 reJecto
866 1385 958 1446 modo
971 1382 1160 1461 procedendi
1175 1397 1218 1441 co

195 1487 262 1534 ram
275 1471 399 1534 Arbitris
412 1475 483 1546 (ιι),
497 1472 546 1532 via
556 1472 687 1549 judiciali
700 1473 881 1550 procedetur
895 1478 965 1548 (ιιι).

226 1612 261 1676 (ι)
272 1612 347 1664 Trid.
362 1623 434 1664 sess.
451 1611 491 1676 tr,
509 1625 532 1663 c.
547 1611 573 1673 ι,
595 1609 628 1663 de
644 1612 693 1664 ret.
706 1639 738 1651 —
753 1611 789 1676 (ι)
809 1611 885 1663 Trid.
898 1625 967 1664 sess.
982 1609 1021 1675 ιι,
1036 1626 1061 1664 c.
1076 1609 1102 1670 3,
1128 1611 1162 1664 de
1176 1609 1217 1661 rel.

195 1682 378 1735 Nihilominus
392 1684 416 1734 sl
430 1696 523 1735 omnes
535 1682 656 1750 episcopi
673 1683 701 1734 in
720 1684 835 1737 concilio
852 1684 1011 1749 provinciali
1026 1681 1219 1749 archiepiscopi

195 1754 375 1807 visitationem
397 1755 551 1820 probarent,
571 1768 624 1806 uno
642 1769 684 1806 ex.
697 1769 740 1820 gr.
754 1759 875 1822 excepto,
890 1759 984 1820 posset
997 1755 1112 1821 quidem
1125 1754 1217 1806 archia

196 1826 322 1892 piscopus
331 1826 441 1878 visitare
450 1825 570 1877 omnium
579 1826 768 1894 episcoporum
782 1827 1008 1879 consentientium
1017 1827 1161 1890 dioeceses,
1173 1837 1219 1876 nou

195 1909 258 1947 vero
272 1896 410 1948 diaecesim
425 1896 619 1962 dissentientis,
633 1901 663 1948 ut
672 1897 791 1950 delinivit
807 1899 833 1950 S.
847 1897 1023 1964 congregatio
1039 1899 1068 1949 in
1078 1911 1164 1950 causa
1177 1897 1217 1947 Hi-

195 1967 299 2018 barniae
321 1967 352 2018 29
369 1966 494 2020 novemb.
522 1966 589 2019 1687.
609 1967 684 2020 Licet
709 1974 799 2021 tamen
831 1969 1048 2036 archiepiscopus
1067 1983 1122 2020 non
1136 1970 1218 2020 visitet

196 2037 327 2090 dioecesee
349 2051 460 2090 suornm
485 2038 728 2104 suffraganeorum,
740 2043 830 2106 potest
843 2039 1028 2105 suffraganeos
1042 2041 1218 2108 episcopusin

196 2109 254 2162 suis
265 2109 406 2162 visitandis
431 2110 595 2164 dioecesibus
608 2111 779 2175 negligentes
798 2111 952 2174 admonere,
965 2119 994 2163 et
1006 2111 1179 2177 compellere,
1193 2117 1218 2159 ut

39 2203 43 2210 ·
91 2225 92 2228 ,
196 2180 307 2233 stututis
320 2182 406 2246 ajuro
430 2181 597 2246 temporibus
611 2184 720 2248 proprio
735 2182 904 2234 satisfaciant
921 2183 1036 2235 muneri.
1051 2186 1132 2234 huot.
1146 2181 1217 2233 Anat.

193 2253 250 2318 jur.
262 2251 358 2318 pontii.
372 2252 406 2304 ad
423 2265 467 2304 an.
485 2252 555 2315 1853,
566 2265 627 2318 pag.
642 2253 697 2304 52¹.
715 2280 745 2293 -·
760 2253 793 2318 (3)
808 2254 844 2305 At
855 2253 916 2306 haec
931 2254 1051 2306 visitatio
1064 2255 1092 2304 in
1107 2254 1184 2305 ltalia
1194 2253 1217 2300 in
1232 2255 1233 2322 ι

195 2336 248 2375 usu
262 2335 316 2373 nou
330 2325 380 2387 est,
396 2325 423 2374 et
442 2324 501 2376 siue
521 2323 679 2388 Apostolica
690 2324 879 2377 commissione
896 2323 990 2376 haberi
1003 2339 1057 2376 non
1074 2329 1171 2391 potest.
1183 2323 1217 2373 lle

196 2393 308 2446 Lucain
324 2396 414 2447 annot.
427 2394 462 2445 ad
477 2394 504 2445 Β.
519 2394 548 2445 (ι.
560 2393 634 2446 'trid
645 2394 745 2458 disce,
758 2409 785 2446 n.
795 2397 857 2446 l.-
872 2395 906 2460 (l)
921 2395 985 2461 Gap.
1005 2396 1027 2456 l,
1043 2401 1069 2447 et
1086 2396 1124 2448 ib.
1137 2396 1215 2447 Gloss.
1232 2445 1233 2448 ,

197 2464 230 2516 de
243 2463 313 2516 offic.
327 2465 386 2516 Vic.
400 2465 429 2516 ιιι
438 2465 462 2516 6.
477 2491 508 2504 -
522 2464 555 2529 (5)
569 2465 602 2514 In
616 2479 671 2517 una
696 2464 850 2518 Terentina
861 2466 892 2517 ιι
906 2467 1038 2518 februarii
1052 2467 1121 2527 loli.
1136 2468 1215 2533 Erpe-

197 2535 238 2588 dit
251 2539 344 2588 temen
356 2539 388 2586 ut
401 2549 560 2604 processum
574 2536 707 2601 adstruat,
718 2541 745 2588 et
757 2537 914 2590 subscribat
923 2539 981 2604 ipse
994 2538 1215 2604 archiepiscopus,

198 2607 221 2660 si
236 2610 279 2659 est
293 2607 321 2658 in
334 2607 485 2672 provincia,
498 2620 553 2658 non
571 2609 632 2672 ejus
644 2608 763 2660 vicarius
783 2609 919 2674 generalis
938 2609 973 2661 ad
988 2610 1142 2661 evitandam
1159 2622 1215 2674 que-

197 2679 284 2730 relam
307 2677 441 2730 nullitatis
463 2691 616 2746 processus.
640 2707 668 2716 -
685 2679 722 2744 (6)
736 2679 828 2746 Cepi
852 2679 886 2731 de
904 2679 973 2731 offic.
994 2680 1052 2731 ord.
1070 2681 1098 2732 iu
1119 2681 1143 2732 6.
1159 2680 1215 2741 Que

197 2751 319 2802 executio
342 2750 400 2800 lteri
414 2749 498 2801 debet
511 2751 558 2800 aut
572 2763 622 2814 per
637 2749 796 2815 episcopum
807 2751 841 2802 ab
855 2750 1061 2817 archiepiscopo
1075 2750 1216 2817 interpelle-

196 2823 265 2884 tum,
277 2824 324 2872 aut
346 2833 395 2885 per
410 2823 569 2873 executores
592 2820 846 2888 archiepiscopales,
862 2822 908 2887 qui
931 2823 1093 2874 executionis
1116 2821 1216 2874 manda·

197 2895 256 2943 tum
265 2891 342 2959 prius
352 2891 496 2945 Ordinario
512 2891 655 2943 ostendere
668 2895 803 2943 tenentur.
818 2894 846 2944 S.
859 2893 1037 2958 congregatio
1046 2895 1075 2946 in
1087 2909 1142 2946 une
1157 2890 1214 2944 To·-

196 2962 293 3017 ritane
305 2962 345 3014 25.
361 2967 440 3014 mart.
456 2963 559 3014 tina-
571 2963 607 3028 (i)
617 2963 645 3014 S.
654 2963 830 3028 congregatio
841 2967 939 3016 etenim
951 2965 1056 3029 pluries
1068 2963 1213 3024 declaravit,

196 3048 251 3085 non
260 3033 551 3099 obstanteallcgatione
561 3035 734 3098 suspicionis,
742 3034 973 3102 archiepiscopum
981 3036 1212 3101 posseprocedere.

198 3103 365 3156 Monacellus
378 3104 420 3155 tit.
439 3104 476 3155 15.
493 3105 542 3156 tor.
559 3105 584 3168 t,
597 3118 625 3154 n.
648 3103 677 3155 tt
691 3108 719 3156 et
736 3104 772 3157 ta.
789 3133 819 3143 -
838 3105 871 3171 (8)
897 3105 958 3158 Bul.
972 3107 1016 3157 Ριι
1029 3107 1067 3158 lV
1079 3105 1214 3166 Desertum

198 3178 226 3228 et
238 3175 314 3228 Tritl.
331 3189 397 3228 sess.
416 3175 456 3238 ιι,
471 3189 495 3226 c.
510 3175 520 3225 ι
538 3175 572 3227 ds
587 3177 636 3228 rai.
652 3177 681 3227 Si
702 3189 766 3229 vero
785 3177 865 3229 sedes
883 3178 1122 3245 archiepiscopalis
1139 3179 1212 3237 vacet,

197 3245 258 3299 haec
276 3247 391 3298 facultas
414 3247 542 3312 competit
564 3247 689 3313 episcopo
719 3249 865 3312 provinciae
883 3249 1085 3315 antiquiori.-
1053 3251 1138 3316 (9)
1150 3248 1211 3300 Τιιι

198 3316 726 3384 sess.at,c.1e,darer.--(to)cap
739 3319 764 3370 ι.
781 3319 815 3371 de
835 3333 940 3374 conces.
954 3323 1083 3386 praeb.—
1094 3323 1145 3388 (ll)
1159 3321 1212 3372 (ιιι

198 3388 223 3452 3,
239 3403 262 3440 c.
276 3389 301 3451 9,
315 3403 342 3455 q.
360 3389 384 3441 3.
401 3416 431 3428 -
442 3387 493 3452 (ιι)
509 3389 550 3440 Ad
561 3389 603 3442 tit.
618 3389 652 3441 de
669 3391 760 3456 suppl
776 3390 847 3456 negl
863 3393 944 3456 prael.
961 3392 1077 3459 Insuper
1089 3391 1211 3457 archiepi

199 3473 297 3525 scopus
313 3461 421 3525 potest
413 3473 442 3510 ιιι
454 3463 510 3510 tota
533 3459 673 3524 provincia
698 3475 759 3512 cum
776 3462 827 3513 iter
842 3462 916 3527 iacit,
930 3468 977 3520 aut
991 3465 1026 3516 ad
1040 3479 1099 3517 eam
1109 3463 1213 3517 declinat

199 3543 307 3584 crucem
328 3533 389 3584 ente
403 3545 432 3584 se
450 3529 566 3596 deterre,
581 3530 744 3584 benedicere
763 3533 845 3585 etiam
869 3535 1027 3589 solemniter
1049 3537 1148 3603 populo
1173 3545 1211 3600 per

199 3601 248 3657 illa
262 3597 842 3670 veruaserlommnemmonecatem
856 3605 1209 3676 etc,‹l1v1naefficraprua
