2468 4090
466 199 627 258 401-

26 323 75 376 ce,
92 315 115 368 et
131 313 228 380 prame
254 309 355 370 Vicerat
376 317 544 385 capitularis,
559 335 620 374 cum
639 323 701 376 aliis
719 324 754 376 ed
775 337 832 378 rem
850 327 1049 392 pertinentibus

30 383 138 438 uberius
150 386 327 452 explicamus,
340 388 375 440 ed
390 391 462 456 quod
476 391 602 446 lectorem
616 393 785 454 remittimus.
800 397 824 449 si
837 398 911 452 Deus
924 399 1007 467 dabit,
1018 404 1049 454 ut

17 456 97 534 gillud
107 458 242 523 possimus
258 458 330 526 typis
343 461 480 528 evulgare.

386 944 588 1027 TITULUS
614 945 693 1026 XX.
720 993 724 998 ·

216 1167 254 1213 nn
270 1167 409 1214 PBAEMTIS
427 1167 633 1227 lnrnnlonlnuS,
653 1170 687 1212 ΕΤ
704 1167 849 1214 ΡΔΙΟὓΗΙΕ.

28 1328 162 1383 &naemu
173 1343 180 1378 τ
193 1329 249 1382 200.
266 1329 324 1382 Tres
336 1331 391 1382 sunt
404 1329 491 1396 species
509 1329 640 1382 interiorum
658 1329 815 1383 Pralatcrum.
829 1359 858 1369 -
875 1329 930 1384 201.
944 1331 1001 1391 Qua
1012 1331 1043 1384 rit

55 1403 150 1465 potestus
163 1401 312 1454 Pralatcrum
323 1415 376 1453 rere
389 1402 507 1454 nullius?
515 1429 547 1440 -
564 1402 620 1453 202.
638 1403 693 1461 Quis
709 1402 741 1454 sit
754 1403 878 1464 Parocius,
892 1405 915 1455 et
928 1403 981 1468 quid
995 1403 1042 1455 Pa·

54 1471 141 1524 remini
154 1499 187 1511 -
199 1471 255 1524 203.
269 1471 364 1532 Quando
380 1472 426 1523 sint
437 1473 544 1524 instituta
562 1473 734 1538 parochiat-
752 1474 808 1525 204.
822 1474 937 1526 Parocbus
950 1488 1009 1530 unus
1018 1473 1041 1526 et

52 1545 168 1608 perpetuus
188 1543 320 1608 regulariter
333 1547 368 1594 ert
384 1543 562 1595 constituendus.
587 1570 617 1582 -
634 1545 690 1594 205.
714 1544 809 1596 Parocbi
827 1549 928 1610 potestas
945 1548 980 1596 est
1001 1558 1040 1596 or·

53 1613 141 1676 (linaria,
156 1617 180 1666 et
192 1614 299 1680 episcopo
311 1613 431 1666 submissa.
443 1643 473 1652 -
488 1615 542 1666 906.
556 1617 612 1674 Qus
627 1615 672 1666 siut
680 1616 733 1680 jura
746 1616 837 1678 parochi
848 1619 860 1667 ‘t
872 1643 903 1654 -
914 1616 969 1667 rol.
984 1616 1039 1675 Qua

51 1686 93 1738 sint
102 1687 151 1750 eius
163 1685 250 1738 onera?
260 1713 287 1724 —
301 1687 357 1738 208.
370 1685 468 1737 'leuetur
481 1685 560 1738 diebus
573 1686 638 1738 lestis
662 1687 754 1738 missa·
769 1687 881 1740 celebrare
893 1701 935 1752 pro
955 1687 1038 1752 populo

51 1759 72 1806 et
84 1757 215 1822 predicere.
225 1783 257 1794 -
268 1757 323 1808 209.
334 1757 479 1808 Sacramenta
492 1757 630 1821 ministrare,
645 1761 667 1810 et
680 1772 705 1809 se
715 1759 840 1824 exemplum
856 1758 969 1812 bonorum
981 1773 1038 1826 ope·

49 1841 95 1880 rum
103 1829 214 1894 prebere.
224 1855 253 1868 -
268 1827 324 1880 210.
339 1827 366 1879 ln
381 1828 489 1896 parochia
501 1829 611 1894 residere,
625 1833 649 1880 et
662 1843 716 1881 suas
729 1829 856 1882 functiones
867 1844 985 1897 peragere.

51 1993 110 2051 200.
129 1989 246 2050 Praelati
264 1988 420 2051 inferiores
437 1990 570 2051 medium
589 1991 740 2068 quoddam
759 1991 943 2053 constituunt
960 1992 1038 2055 inter

20 2077 170 2156 episcopos
186 2086 216 2140 et
232 2079 391 2155 Parocbos,
417 2097 545 2157 quorum
570 2081 618 2141 alii
634 2081 801 2158 RepoloreS,
823 2087 853 2142 et
874 2076 922 2142 alii
939 2080 1037 2143 Saco-

21 2165 88 2230 lores
103 2169 253 2230 dicuntur.
272 2173 384 2231 norum
397 2169 602 2243 Praelatorum,
619 2170 670 2247 qui
690 2171 812 2230 abbates
825 2187 945 2247 quoque
958 2187 1036 2230 nun-

19 2265 167 2334 cupantur,
185 2263 247 2320 tres
266 2263 337 2318 sont
351 2258 477 2334 species,
493 2275 561 2334 quae
585 2257 626 2318 ite
643 2259 852 2319 describuntur
871 2276 889 2318 a
910 2259 1035 2320 Benedi-

18 2353 60 2408 cto
71 2349 130 2408 xlv
140 2349 192 2420 (l).
209 2371 224 2398 «
238 2346 338 2407 Prima
351 2353 397 2407 est
410 2362 526 2421 eorum,
539 2346 591 2424 qui
605 2353 688 2408 certo
702 2353 836 2423 praesunt
848 2345 951 2423 generi
963 2365 1034 2424 per-

17 2461 29 2488 «
45 2453 186 2498 sonarum
198 2434 387 2497 existentium
395 2434 473 2496 intre
485 2442 571 2514 septa
584 2435 708 2512 alicujus
719 2435 868 2516 Ecclesiae,
882 2442 1032 2497 monaste·

16 2526 92 2602 «rii,
114 2543 168 2586 seu
189 2530 355 2586 conventus
373 2543 444 2586 cum
461 2525 579 2602 passiva
594 2525 784 2601 exemptione
797 2542 814 2584 a
825 2523 1032 2602 jurisdictione

16 2639 27 2664 ι
44 2614 184 2691 episcopi.
208 2613 360 2689 Ejusmodi
384 2620 454 2674 sunt
471 2612 643 2690 superiores
666 2615 839 2690 Regulares,
854 2619 884 2674 et
897 2613 1031 2674 nonnulli

15 2727 26 2752 α
42 2703 156 2764 Praelati
176 2703 344 2775 saecnlsres,
360 2701 411 2778 qni
427 2719 488 2763 una
504 2719 573 2764 cum
593 2701 734 2777 Ecclesia,
753 2702 878 2778 eJusque
892 2702 1030 2764 Ecclesiae

13 2815 24 2843 ι
42 2791 167 2866 clericis,
183 2798 213 2852 et
226 2767 417 2865 administris,
433 2791 541 2868 quibus
555 2790 769 2868 praeficiuntur,
784 2792 911 2851 subsunt
923 2791 1027 2852 imme·

14 2901 24 2932 ι
41 2882 118 2942 dicte
137 2897 254 2940 summo
267 2879 412 2940 Pontifici.
429 2880 566 2943 secunda
580 2880 694 2956 species
707 2886 753 2939 est
767 2881 961 2940 Praelatorum
974 2880 1028 2940 ba-

13 2993 24 3018 «
39 2969 173 3030 bantium
183 2967 421 3045 jurisdictionem
434 2968 563 3030 activam
576 2969 607 3028 in
616 2970 740 3041 clerum,
752 2974 781 3028 et
794 2970 940 3044 populum
953 2968 1028 3028 cerii

13 3083 23 3107 ι
39 3058 107 3132 loci,
124 3058 175 3135 qui
190 3063 291 3118 amen
309 3059 395 3117 locus
411 3064 456 3118 est
470 3057 547 3118 intra
566 3057 698 3134 episcopi
717 3057 881 3130 dioecesim,
898 3073 957 3134 que
969 3075 1027 3118 nn-

11 3170 22 3195 «
39 3147 128 3223 dique
142 3143 410 3218 circumscribitur3
427 3152 456 3206 et
472 3146 643 3222 hujusmodi
656 3144 772 3206 Praelati
784 3144 947 3223 improprie
960 3151 1027 3205 tan-

10 3257 22 3284 «
39 3242 110 3309 tum,
124 3242 154 3295 et
167 3236 228 3294 lato
243 3233 373 3310 quodam
392 3233 512 3294 dicendi
529 3233 630 3308 modo,
653 3234 791 3294 dicuntur
809 3251 876 3294 esse
893 3232 1024 3294 Nullius.

10 3347 22 3374 ε
37 3325 132 3386 Tertia
155 3320 272 3400 species
291 3327 338 3380 est
355 3323 558 3396 Praelatorum,
578 3322 629 3398 qui
644 3321 880 3398 jurisdictionem
897 3320 1026 3383 activam

10 3413 145 3474 «habent
168 3411 199 3470 in
216 3412 328 3470 clerum
349 3415 378 3470 et
395 3413 540 3488 populum
556 3410 681 3488 alicujus
694 3410 763 3486 loci,
779 3427 833 3472 seu
846 3409 959 3489 oppidi,
973 3416 1025 3471 ant
1050 3415 1055 3422 '

9 3523 21 3550 «
36 3502 164 3578 plurium
176 3501 322 3571 locorum,
338 3505 389 3560 aut
403 3499 591 3576 oppidorum,
606 3517 674 3577 quae
687 3500 808 3561 omnino
818 3501 920 3560 auulsa
931 3505 962 3561 et
975 3515 1023 3560 se-

10 3611 19 3641 ·
36 3597 139 3668 parate
156 3594 254 3651 sunta
264 3588 421 3664 cujuslibet
434 3588 566 3667 episcopi
576 3589 716 3670 decoci,
727 3595 911 3668 quapropter
923 3588 1024 3654 dicun·

1215 3585 1217 3672 l
