2490 4088
504 200 665 262 'alb-

87 326 208 390 pttettcte'
225 325 367 393 merere,
381 339 400 380 c
414 339 467 394 ouo
482 326 567 381 medii
589 339 645 380 non
658 326 743 380 solnm
763 327 794 382 in
807 331 892 393 terra,
908 328 955 381 sed
973 329 1057 384 etium
1073 330 1103 384 tn

88 398 144 450 aab
159 411 185 450 se
196 397 279 464 iteum
291 411 374 463 porra,
386 402 411 452 ct
424 397 493 452 colui
507 411 566 450 can.
583 401 609 465 9,
625 401 691 456 dist.
699 399 742 456 96.
754 400 820 454 ideo
833 400 1015 465 Imperatores
1025 400 1104 454 Chri·

88 469 164 522 suuni
178 469 229 522 boc
240 470 404 522 clericorum
416 469 588 536 privilegium
601 477 771 539 agnoverunt
779 475 898 540 justum,
910 471 1021 538 suisque
1035 472 1104 539 legi·

88 539 136 592 bns
148 541 348 603 confirmarunt,
365 553 425 593 can.
444 541 485 606 28,
502 555 526 593 c.
545 544 582 602 ll.
600 559 626 610 q.
644 548 666 598 l.
680 544 915 602 VrTbomasinnm
929 557 959 609 p.
972 545 1027 609 ²2¹·
1040 545 1065 608 3,
1079 556 1106 597 c.

90 611 130 664 ru
143 617 168 664 at
183 627 258 683 seqq.
272 611 321 664 Uti
333 615 409 680 petet
417 612 471 666 duo
487 615 602 666 concilia
617 618 755 682 generalia
768 617 850 668 citata
861 615 1105 668 ecclesiasticarum

88 697 258 748 personarum
273 684 471 736 immunitatem
484 699 517 738 ex
534 687 597 750 jure
615 689 715 754 divino,
730 692 756 742 et
772 687 891 740 humano
911 685 1057 752 deducunt,
1072 689 1104 740 ut

88 767 118 806 ex
128 755 310 808 vetustissima
323 754 467 808 traditione
481 763 580 824 manat,
597 763 625 812 et
637 774 746 826 semper
759 760 811 812 luit
829 758 858 809 in
875 757 991 810 eeclesia
1006 759 1102 810 obser·

87 829 189 890 ratum3
203 839 304 892 exque
326 826 469 880 deducitur
490 841 550 880 eam
564 830 599 882 ad
619 830 738 884 divinam
756 829 951 883 institutionem
964 829 1102 894 pertinere

88 898 174 950 saltem
188 897 322 950 incensis
338 899 537 966 spiritualibus,
551 905 578 954 et
597 915 672 956 mere
692 902 892 956 ecclesiasticis.
915 899 1032 952 Proinde
1051 912 1102 954 nac

88 968 155 1036 Papa
164 972 256 1036 poseat
268 969 297 1021 in
310 969 384 1022 omni
397 970 566 1026 immunitate
580 973 746 1040 dispensare,
765 974 830 1027 licat
851 975 934 1040 queat
952 970 1100 1037 declarare,

87 1041 317 1166 ffimimmunitaa
334 1054 369 1097 ex
387 1043 452 1110 jure
468 1041 559 1098 dinuo
580 1045 625 1112 eit,
644 1049 751 1114 etque
769 1047 878 1113 exjura
896 1045 1002 1097 tantum
1013 1041 1099 1098 eccle·

115 1311 156 1372 69.
175 1313 211 1372 at
224 1309 312 1386 lapsu
336 1308 480 1386 temporis
492 1309 552 1372 boc
574 1308 674 1386 ipsum
688 1309 875 1388 privilegium
888 1327 944 1388 per
961 1313 1098 1372 summo·

88 1411 146 1458 lum
157 1397 335 1460 Pontificum
347 1397 462 1459 indulta
474 1399 577 1460 favore
589 1399 770 1477 Principum,
785 1407 837 1461 aut
854 1399 1012 1462 pedonum
1031 1402 1098 1478 pln-

88 1484 138 1546 ries
155 1486 311 1550 limitatum
322 1487 387 1561 fuit,
403 1487 569 1565 praesertim
590 1489 690 1566 quoad
711 1507 817 1550 causas
828 1491 924 1550 reales
943 1487 1055 1563 civiles,
1069 1496 1099 1550 ct

88 1573 212 1649 graviora
240 1576 422 1640 elericorum
445 1576 568 1638 crimine
591 1579 643 1650 (l).
660 1582 764 1640 Posset
786 1577 1017 1655 tumenopponi,
1032 1579 1098 1639 haeo

91 1661 285 1728 imitationum
297 1665 410 1726 indulta
418 1665 560 1742 abrogata
568 1665 722 1742 fuisseper
736 1668 849 1728 Bullem
863 1667 954 1728 tene
966 1666 1096 1742 Domini,

88 1749 185 1830 inqua
203 1755 261 1815 sub
273 1766 403 1816 numero
418 1759 453 1815 15
470 1755 584 1832 papalis
608 1755 876 1817 excommunicatio
903 1757 998 1818 lemur
1024 1773 1097 1816 con-

89 1845 126 1900 tra
151 1843 315 1918 trahentes,
342 1849 393 1904 aut
410 1843 489 1916 trahi
507 1844 648 1904 iacientes
661 1860 806 1920 personas
825 1845 1041 1906 ecclesiasticas
1058 1843 1096 1906 ed

91 1933 220 1994 saedere
232 1932 373 2006 tribunal,
386 1932 502 1994 etiamsi
513 1932 544 1994 id
558 1932 675 1994 eveniat
684 1941 828 2010 malente
838 1935 966 2010 cujusvis
974 1951 1096 1996 consen

92 2020 198 2096 iudicio,
221 2029 276 2083 cut
296 2022 449 2099 privilegii.
471 2027 579 2084 Verum
599 2022 751 2099 cumipse
773 2024 907 2086 Pontifex
933 2031 1094 2097 tumente,

86 2111 139 2169 itm
150 2116 219 2186 post
237 2111 328 2172 Bullae
346 2110 576 2187 publicationem
591 2111 771 2188 quandoque
784 2113 848 2172 haec
862 2110 1026 2189 privilegia,
1046 2114 1095 2173 rel

88 2194 187 2258 indulta
205 2217 263 2275 pro
281 2199 379 2276 alique
394 2199 505 2259 ditione
521 2201 677 2274 concedat,
694 2199 854 2261 dicendum
872 2201 999 2274 ridetur,
1014 2201 1094 2261 nolle

89 2287 253 2350 Pontificem
267 2289 305 2348 ad
317 2286 516 2364 privilegiatae
530 2284 656 2349 ditiones
666 2290 781 2370 ,ennam
790 2290 963 2365 extendere,
975 2289 1022 2350 vel
1034 2289 1093 2351 sal-

89 2379 138 2438 lem
148 2378 286 2455 tolerare,
299 2394 339 2440 ne
353 2380 452 2456 quoad
465 2380 524 2440 hoc
541 2379 741 2453 observetur(
760 2382 781 2449 ).

112 2533 253 2599 (filiarum
266 2533 458 2588 limitationum
469 2534 594 2601 exempla
605 2548 655 2600 pro
667 2533 777 2604 antiquo
793 2533 890 2587 Gallice
901 2547 994 2601 regno,
1007 2536 1034 2587 et
1041 2547 1091 2600 pro

87 2602 247 2659 Veratianum
270 2607 410 2672 republica
432 2605 548 2659 afferunt
569 2606 726 2670 canonista,
751 2606 881 2670 Barbosa,
905 2609 932 2658 et
950 2605 1093 2672 Fagnanus

85 2675 144 2730 citati
163 2693 180 2730 a
200 2677 377 2732 Reiffenstuel
398 2679 426 2730 in
439 2681 480 2730 tit.
500 2679 534 2730 de
546 2677 606 2731 dur.
623 2692 708 2744 comp.
730 2677 795 2742 2¹⁰,
816 2692 845 2729 n.
861 2676 918 2729 236.
933 2678 988 2730 Pro
1008 2690 1091 2742 regno

85 2753 160 2802 antem
178 2749 312 2802 Sardiniae
333 2752 406 2802 extit
427 2749 572 2802 Instructic
590 2748 728 2801 Benedicti
741 2747 817 2813 XIV,
837 2748 966 2812 an.1742,
986 2753 1014 2800 et
1026 2762 1090 2800 cou-

85 2822 159 2872 ventio
181 2823 253 2873 inter
270 2821 299 2892 S,
317 2821 426 2886 sedem,
444 2824 472 2872 et
484 2822 575 2886 ipsum
586 2819 687 2884 Regem
702 2833 748 2870 an.
766 2819 834 2872 tall.
849 2845 881 2859 -
906 2821 939 2886 (i)
952 2819 1092 2886 Principes

84 2893 215 2958 saculares
229 2893 288 2946 sive
304 2905 434 2960 suprema
446 2893 619 2944 Parlamenta
633 2895 660 2942 et
674 2891 757 2942 curies
772 2891 876 2958 absque
889 2891 1029 2956 sacrilegio
1041 2902 1091 2942 ne·

84 2969 171 3028 queunt
185 2964 363 3018 immunitatis
377 2963 568 3016 ecclesiasticae
583 2962 656 3028 leges
672 2975 722 3014 sua
734 2964 845 3030 propria
859 2963 1016 3015 anctoritate
1031 2975 1091 3013 mu·

82 3037 138 3098 tere,
151 3041 198 3088 aut
211 3035 328 3088 auferre.
353 3035 381 3086 Si
399 3035 451 3087 hoc
472 3035 587 3087 iecerint
607 3034 715 3098 siguum
737 3038 788 3099 est,
803 3047 848 3086 cos
862 3047 879 3086 a
892 3033 1023 3085 camelina
1038 3033 1091 3086 flda

82 3103 207 3172 deiecisse,
221 3107 265 3160 val
281 3108 402 3172 proxime
417 3104 657 3158 deiecturus.Nam
670 3107 790 3170 potestas
800 3104 942 3172 judicandi
953 3103 1092 3170 conjungi·

80 3179 116 3228 tnr
126 3191 184 3230 cum
197 3181 330 3243 potestate
348 3177 421 3244 leges
442 3175 556 3240 ferendi,
578 3178 606 3227 et
623 3175 670 3241 qui
693 3175 747 3228 sibi
767 3180 884 3242 usurpat
899 3179 946 3241 jus
959 3175 993 3227 de
1008 3175 1091 3228 rebus

80 3248 255 3312 spiritualibus
266 3249 417 3314 judicandi,
431 3248 527 3302 eodem
541 3251 661 3314 tempore
671 3248 719 3313 jus
733 3247 787 3300 sibi
804 3246 934 3298 adscribit
946 3246 980 3298 de
993 3245 1090 3298 iisdem

81 3320 151 3376 rebus
164 3319 240 3387 leges
254 3321 369 3380 ferendi,
389 3321 521 3388 Princeps
541 3331 616 3384 ergo,
638 3318 685 3385 qui
709 3318 761 3372 hoc
774 3317 864 3383 audet,
882 3331 912 3371 se
931 3318 1089 3370 Pontificem

78 3389 137 3458 lecit,
164 3392 221 3448 siue
249 3391 369 3450 schisma
394 3391 616 3455 protestantium,
639 3394 687 3444 eut
711 3389 888 3446 Orientalium
909 3390 1089 3456 amplectitur.

79 3459 172 3514 Revera
183 3461 280 3516 Gallie
290 3463 473 3528 Perlamenta,
484 3475 546 3528 quae
559 3461 653 3528 iniqua
667 3462 728 3528 lege
741 3475 784 3514 an.
798 3459 866 3525 1790,
879 3461 1090 3514 ecclesiasticam

79 3532 279 3595 iurisdietionem
295 3535 472 3600 abrogarunt,
488 3546 565 3598 reque
579 3533 738 3585 catholicam
760 3530 918 3596 religionem
934 3543 1097 3600 expungere.

81 3602 251 3673 mourut,
274 3605 365 3662 iurum
387 3604 600 3662 ecclesiasticum
619 3603 800 3670 abstulerunt,
813 3603 886 3658 bona
904 3603 1089 3688 ecclesiastica
