2490 4088
537 67 679 124 ..45-

88 187 162 242 nivit
183 187 356 242 innocentius
377 188 424 253 11,
448 188 495 256 qni
522 201 584 241 aum
610 191 716 240 tantum
742 187 777 240 ad
807 187 894 252 legem
921 185 1120 239 observandam

90 259 311 328 compellitque·
334 261 449 322 anati,
473 273 534 312 eom
559 259 713 314 solemniter
732 257 845 322 editam,
868 262 916 312 aut
936 257 1039 324 publice
1059 271 1121 324 pro·
1150 313 1153 320 ,

89 331 253 396 metam.
276 331 341 398 Gap.
361 331 383 395 i,
407 331 441 383 de
463 333 534 398 post.
555 330 633 396 prael.
659 331 748 394 Quare
770 331 863 396 praxis
880 345 897 382 a
917 331 1030 382 summis
1050 331 1124 381 Pon-

89 403 213 454 tilicibus
227 403 387 468 approbata,
408 408 435 455 et
450 416 467 454 a
485 417 533 454 sex
555 403 653 454 saltem
672 403 782 455 saeculis
796 403 941 454 observata
953 401 1047 453 Romae
1068 407 1126 454 ten·

89 480 156 526 turn
177 471 375 526 ecclesiasticas
395 475 471 540 leges
486 474 655 538 publicandi,
675 475 714 525 nil
738 474 879 526 dissonum
900 473 1033 524 aratione
1060 487 1123 526 con-

92 546 175 609 tinet,
194 547 221 596 ot
244 545 320 610 leges
344 546 384 597 sic
404 544 586 611 promulgatae
611 546 645 598 ob
668 559 824 611 expressam
847 543 1007 596 Pontificum
1029 544 1123 596 volun-

90 621 181 668 tatem
202 616 255 666 rim
275 617 379 668 babent
401 631 495 690 omnes
520 617 675 681 obligandi,
701 617 747 682 qui
775 630 822 668 eas
847 616 941 667 Romae
967 617 1123 682 promulga-

90 693 138 740 tas
156 693 229 740 corto
242 688 384 740 moraliter
405 687 540 752 noverint,
555 687 663 740 etiamsi
680 689 709 738 in
725 701 818 739 eorum
836 685 983 753 provinciis
1002 686 1123 750 promul-

90 764 168 826 gatae
181 773 236 810 non
255 759 318 810 sint.
335 759 362 810 S.
379 761 419 811 De
433 759 540 825 Ligario
564 759 598 810 de
620 758 672 824 leg.
695 773 724 810 n.
746 759 778 810 95
798 764 827 811 et
846 759 885 810 96.
903 758 969 808 ilaec
990 759 1124 810 sententia

89 829 336 884 omninotenenda
350 836 405 892 est3
427 843 506 882 secus
521 830 651 882 indirecte
671 843 776 882 summo
791 829 914 882 Pontifici
928 828 1123 882 universalium

90 903 188 968 legum
200 901 376 953 serendarum
389 905 509 967 potestas
521 901 678 965 admiretur,
694 915 755 952 curn
772 907 854 967 queat
873 901 932 954 baec
944 901 1123 966 promulgatio

91 973 120 1025 in
136 973 286 1040 provinciis
300 973 435 1038 impediri,
451 975 478 1025 et
491 973 525 1024 de
539 973 609 1024 iacto
623 972 658 1024 ab
678 972 803 1024 omnibus
821 973 875 1023 illis
888 972 1061 1037 impediatur,
1076 971 1124 1037 qui

92 1049 256 1110 mquemern
270 1044 424 1096 damnatam
438 1044 650 1110 propositionem
659 1046 767 1095 tenant:
778 1042 915 1110 Episcopis
927 1043 984 1096 sine
998 1039 1126 1095 Gabemtt'

93 1115 180 1168 nenia
190 1115 234 1182 sas
243 1115 404 1169 nonestati
425 1115 498 1180 ipsas
516 1113 680 1180 apostolicas
693 1113 797 1167 litteras
817 1113 997 1180 proraalpcre.
1021 1113 1123 1178 Syllab.

95 1200 176 1252 prop.
193 1188 234 1238 28,
249 1215 278 1224 -
295 1187 332 1252 (3)
345 1187 394 1239 Cit.
410 1187 500 1238 damn.
522 1199 599 1252 prop.
619 1214 646 1224 -
665 1186 697 1250 (l)
712 1186 807 1238 Mattb.
826 1185 863 1237 16.
878 1213 908 1225 -
921 1185 965 1252 (5).
981 1186 1045 1250 Cap.
1060 1187 1075 1236 5
1088 1183 1123 1236 de

95 1258 223 1324 rescript.
238 1285 271 1296 -
285 1259 322 1324 (6)
337 1259 378 1310 Do
392 1257 493 1324 Synod.
510 1257 588 1310 dloec.
603 1257 621 1308 l.
635 1258 659 1317 9.
677 1271 700 1310 c.
717 1258 742 1310 8.

132 1409 179 1464 37.
199 1409 262 1464 Lex
276 1402 466 1478 aSuperiore
478 1403 583 1476 fertur,
597 1413 631 1461 ut
649 1402 757 1462 tuturis
769 1409 906 1480 perpetuo
927 1404 978 1464 det
998 1405 1124 1466 formam

93 1493 233 1569 negotiist,
243 1499 274 1552 et
287 1499 321 1552 ut
334 1493 373 1552 ad
384 1491 535 1568 praeterita
547 1492 723 1568 regulariter
734 1509 795 1551 non
805 1493 1000 1566 extendatur3
1016 1503 1047 1554 at
1059 1497 1124 1557 haec

95 1581 282 1660 perpetuitas
295 1581 431 1656 plruibus
440 1581 537 1640 modis
553 1588 669 1642 cesset:
684 1589 714 1640 l⁰
723 1581 952 1657 Dispensatione,
965 1600 1019 1643 scu
1033 1583 1125 1660 ipsius

95 1671 284 1734 relaxatione
293 1670 324 1729 in
335 1687 406 1730 casu
418 1669 590 1745 particulari
610 1687 627 1728 a
644 1671 822 1746 legislatore,
847 1672 894 1732 vel
916 1674 981 1747 cjns
1007 1689 1126 1734 succes-

94 1767 177 1834 sore,
193 1766 245 1819 aut
263 1760 419 1834 superiore
437 1776 476 1818 ex
493 1761 574 1835 justa
594 1777 685 1820 causa
704 1761 799 1832 iacta3
821 1759 869 1820 alii
890 1761 1045 1822 interiores
1066 1762 1143 1822 dis·⁴
1222 1787 1230 1804 ·

95 1866 227 1928 pensare
240 1854 405 1924 nequeunt,
420 1847 477 1914 nisi
491 1866 530 1908 ex
544 1848 742 1924 delegatione,
756 1849 921 1927 privilegio,
938 1853 986 1911 vel
999 1869 1125 1912 consue-

98 1936 202 1998 tudine
225 1936 417 2012 dispcnsandi
437 1938 606 1998 facultatem
629 1938 767 2010 habeant,
793 1939 862 2014 quia
882 1940 1061 2016 dispensatio
1080 1949 1126 2001 est

95 2029 209 2087 vulnus
223 2026 309 2102 juria.
322 2031 353 2084 2⁰
367 2026 569 2102 derogatione,
585 2044 651 2102 quae
673 2027 790 2086 ilicum
814 2029 863 2087 lex
881 2031 1010 2088 totaliter
1027 2032 1124 2090 aufer-

96 2125 160 2176 tur.
174 2115 414 2190 3⁰Dcropationa
429 2132 495 2190 quae
511 2115 665 2191 contingit,
677 2133 746 2178 curn
759 2133 831 2191 pars
843 2117 927 2192 legis,
938 2119 1028 2178 veluti
1037 2136 1125 2190 unus,

95 2207 148 2266 vel
162 2207 237 2265 alter
250 2205 392 2263 articulus
412 2210 558 2277 mutatur;
576 2204 617 2264 ait
635 2205 714 2264 enirn
741 2205 970 2280 jurisconsultus
990 2209 1126 2268 Modesti-

95 2311 159 2354 nus
176 2313 182 2352 :
199 2293 365 2368 Derogatar
391 2292 445 2368 legi
466 2310 535 2353 eant
555 2310 627 2368 pars
649 2294 839 2366 detrabitar5
866 2293 1035 2368 abrogatur,
1059 2313 1128 2355 curn

93 2399 223 2461 proram
244 2383 359 2442 tollitnr
381 2387 434 2455 (l).
458 2387 528 2441 Haeo
549 2382 723 2457 abrogandi,
749 2383 797 2442 vel
817 2384 979 2456 derogandi
1002 2386 1127 2444 facultas

94 2472 157 2550 ipsi
170 2477 286 2532 tantum
304 2471 476 2547 legislatori,
492 2473 539 2531 vel
548 2473 612 2547 ejus
627 2471 806 2546 successori,
822 2478 872 2531 ant
886 2473 1032 2547 superiori
1047 2491 1125 2533 uom-

95 2561 182 2640 pctit.
199 2567 237 2620 4⁰.
253 2561 436 2634 irritatione,
452 2579 519 2636 quae
533 2561 823 2633 ltabetlocum,cn1n
838 2563 984 2634 superior,
997 2568 1030 2622 ut
1043 2569 1123 2621 surn-

93 2668 166 2714 mus
179 2648 327 2721 Pontifex,
339 2650 437 2725 legern
451 2649 607 2723 inferioris,
622 2658 656 2709 ut
669 2652 816 2728 Episcopi,
831 2652 954 2726 irritam,
970 2658 1000 2711 ct
1013 2652 1122 2711 nullius

95 2742 224 2802 effectus
243 2739 374 2803 declarat
386 2742 437 2811 (ἓ).
453 2744 485 2798 5⁰
501 2739 715 2800 Consuetudine
733 2740 891 2813 contraria,
912 2741 951 2800 de
968 2758 1027 2817 qua
1048 2741 1124 2799 inira

95 2831 129 2891 in
142 2829 229 2889 titulo
244 2826 366 2902 speciali
379 2828 504 2902 agimus.
518 2833 548 2887 6ο
561 2830 816 2904 Interpretatione.

134 2923 180 2978 38.
195 2915 402 2992 interpretatio
417 2925 463 2976 est
482 2916 557 2992 legis
580 2917 745 2993 explicatio,
770 2937 836 2995 quae
855 2918 994 2979 dividitur
1015 2917 1045 2977 in
1068 2935 1125 2978 aa·

97 3007 260 3068 thenticorn
274 3011 304 3064 ct
317 3003 466 3076 mautarn,
481 3011 512 3065 et
533 3007 736 3082 doctrinalem.
756 3007 931 3068 anthentica
951 3008 989 3066 ab
1003 3008 1069 3083 ips'o
1082 3009 1124 3067 le-

95 3099 239 3174 gislatore
260 3093 305 3167 iit,
331 3111 401 3154 cum
424 3096 522 3170 lcgern
547 3095 715 3167 obscuram,
746 3100 794 3156 vel
821 3098 920 3156 minus
943 3113 1061 3172 aequam
1084 3095 1124 3156 ita

97 3184 240 3261 explicat,
259 3189 293 3242 ut
314 3184 378 3258 ejus
398 3187 546 3258 enigmata
567 3186 672 3257 solvat,
688 3186 866 3246 duriticmvc
887 3185 1061 3244 humanitati
1079 3185 1124 3243 in-

97 3289 264 3350 congruam
279 3272 426 3333 emendet.
453 3279 515 3332 lloo
528 3273 634 3334 ultimo
649 3292 721 3335 casn
735 3277 782 3352 jus
801 3291 912 3334 novum
927 3274 1124 3334 introducitur

96 3365 206 3423 iterum
221 3362 495 3440 promulgandum,
515 3363 565 3423 illo
589 3380 661 3423 vero
681 3364 782 3440 priore
803 3366 853 3440 jus
876 3363 1023 3436 educitur,
1044 3363 1125 3439 quod

96 3453 155 3528 legi
166 3453 231 3530 jam
249 3451 356 3527 inerat,
372 3453 513 3529 qtrodque
543 3453 669 3528 proinde
690 3455 770 3514 nulla
791 3470 870 3513 nova
888 3453 1127 3530 promulgatione

789 3558 793 3568 ’
951 3553 975 3604 3.
