2546 4082
613 217 772 274 -3i2-

179 336 413 414 congregatione
429 335 562 412 concilii3
586 337 639 398 sed
657 337 844 414 assignando
860 337 984 420 omnino
997 341 1067 397 sunt
1080 337 1203 412 integrae

178 425 385 590 3ὶίἑαῖὥῖοὲῗο
406 443 588 502 pauperum,
611 444 660 486 ex.
695 443 739 502 gr.
770 427 974 503 hospitalibus,
1003 426 1204 502 orphanotro-

210 669 245 736 (t)
261 669 335 720 Licet
352 669 435 735 hujus
448 684 536 736 poenae
549 671 651 724 nullam
670 673 839 724 inveniamus
857 671 929 737 apud
944 674 1067 722 auctores
1085 671 1200 722 mentio·

178 754 259 801 uem;
275 747 364 792 tamen
384 745 511 806 putamus
529 756 587 793 enm
613 743 722 802 licitam,
741 748 768 793 et
785 743 860 793 valde
877 746 1079 808 opportunam:
1102 742 1198 792 namsi

178 812 355 862 benetciatus
369 819 456 876 potest
469 813 559 879 puniri
573 814 722 879 privatione
744 815 879 866 fructuum
897 813 1021 864 beneticii
1044 813 1098 870 sui,
1123 813 1198 864 etiam

178 882 303 933 sacerdos
320 883 418 946 poterit
433 884 575 934 Missurum
590 886 767 950 elecmosynis
783 884 892 950 privari.
910 885 1028 948 Insuper
1045 883 1106 934 baec
1123 897 1199 948 poeua

179 953 306 1004 bonorem
319 953 466 1004 sacerdotis
479 955 584 1006 salvum
601 961 700 1020 servat,
716 956 739 1006 si
757 956 781 1006 ai
793 955 919 1021 privatim
934 953 1079 1016 indicetur,
1090 956 1118 1004 et
1129 955 1199 1005 salu-

178 1024 256 1074 brius
269 1025 296 1074 in
313 1023 370 1074 solo
381 1037 435 1076 aero
447 1026 570 1091 punitur,
584 1027 631 1090 qui
645 1026 668 1077 si
682 1027 770 1077 bouus
784 1029 835 1086 cst,
849 1025 960 1076 babebit
973 1024 1061 1074 adbuc
1073 1023 1101 1074 S.
1114 1025 1202 1075 Sacri-

179 1095 232 1145 iicii
241 1095 376 1156 solatium,
387 1100 414 1145 et
425 1097 448 1146 si
463 1097 551 1147 malus
565 1097 738 1148 abstinebita
749 1096 893 1157 Sacrificio,
906 1096 977 1160 quod
991 1095 1080 1158 magis
1092 1102 1203 1160 propter

178 1166 385 1230 eleemosynam,
396 1179 477 1230 quam
488 1171 600 1232 propter
609 1167 776 1218 devotionem
790 1168 858 1218 torte
868 1168 995 1218 celebrat.
1004 1193 1035 1202 ·-
1046 1165 1082 1228 (lt
1096 1167 1205 1217 Muletae

177 1236 351 1286 nominantur
365 1236 392 1286 in
403 1237 643 1288 constitutionibus
653 1238 823 1304 apostolicis,
832 1239 860 1288 iu
872 1238 990 1288 Concilio
998 1237 1204 1302 Carthaginensi

178 1321 222 1358 an.
235 1307 281 1358 399
290 1312 342 1358 eto
359 1307 386 1356 S.
397 1305 527 1370 Gregorio
541 1307 648 1371 Magno,
666 1310 712 1374 qui
734 1322 781 1360 eas
795 1307 877 1360 babet
892 1313 1028 1372 tamquam
1048 1320 1148 1372 poeuas
1164 1321 1204 1358 eo-

178 1377 352 1430 clesiasticas.
367 1377 497 1428 Stremlor
511 1377 544 1429 do
559 1391 631 1443 poen.
647 1379 741 1430 eccles.
754 1385 818 1430 sect.
837 1380 858 1437 t,
874 1392 897 1428 c.
913 1379 936 1428 i.
948 1405 979 1415 -
989 1377 1025 1442 (3)
1039 1379 1113 1427 Sess.
1127 1377 1170 1440 25,
1180 1391 1203 1427 c.

179 1449 203 1506 3,
219 1449 252 1500 de
267 1448 315 1498 ret.
327 1473 358 1484 -
376 1448 412 1512 (t)
426 1448 529 1500 lietera
548 1450 688 1501 instructio
706 1464 756 1514 pro
775 1450 904 1501 relatione
923 1453 1010 1500 status
1023 1447 1152 1500 dioeoesis
1169 1450 1204 1499 ab

178 1519 310 1586 Episcopo
326 1519 489 1570 iacienda'in
503 1521 655 1572 visitatione
670 1522 793 1572 liminum
808 1520 1000 1586 Apostolorum
1019 1519 1070 1568 boc
1085 1524 1205 1570 continet

178 1591 345 1657 quaesitum:
369 1588 412 1642 Aa
426 1589 519 1644 babent
535 1591 736 1654 repositarium
759 1605 910 1657 penarum,
925 1594 949 1644 et
971 1589 1138 1642 muletarum
1157 1605 1203 1655 pe·

178 1661 343 1723 motorium,
362 1664 387 1712 et
405 1675 442 1714 nn
456 1663 552 1714 cedem
564 1662 678 1728 [norint
692 1663 744 1728 piis
758 1663 848 1714 usibru
861 1662 1011 1726 applicate.
1028 1689 1054 1697 -
1070 1662 1106 1724 (5)
1125 1662 1204 1713 Trid.

178 1733 222 1786 cit.
241 1747 308 1784 sess.
323 1732 363 1792 ts.
380 1746 403 1783 c.
424 1733 447 1790 3.
465 1732 499 1784 do
513 1735 560 1784 res.
576 1761 607 1770 —
621 1734 655 1797 (6)
668 1734 798 1785 Stremler
814 1735 847 1784 do
861 1747 932 1798 poen.
949 1733 1013 1784 eccl.
1026 1737 1091 1783 sect.
1102 1733 1127 1790 2,
1143 1747 1166 1782 c.
1178 1735 1203 1794 8,

178 1803 190 1870 g
207 1804 227 1854 i.
248 1803 300 1854 iiic
314 1809 402 1854 tamen
418 1803 485 1854 illud
499 1809 541 1854 cst
554 1805 711 1866 notandum,
726 1805 797 1868 quod
809 1818 863 1855 non
879 1804 939 1854 licet
950 1803 1073 1858 mulctas,
1085 1804 1127 1852 vel
1143 1816 1203 1867 poe-

177 1888 228 1926 nas
242 1875 414 1939 pecuniarias
425 1875 563 1938 imponere
574 1889 623 1940 pro
638 1876 804 1940 corrigendis
823 1875 988 1935 excessibus
1002 1877 1029 1924 at
1042 1873 1204 1923 criminibus

177 1945 324 2011 puniendis
337 1958 353 1995 a
364 1944 485 2003 clericis,
503 1949 549 1996 aut
561 1946 637 1996 laicis
651 1947 773 2011 patratis,
785 1946 891 2012 quando
905 1958 920 1996 o
931 1946 994 2011 jure
1007 1944 1061 1996 alia
1075 1943 1205 1994 statuitur
1220 2001 1224 2006 .

178 2028 268 2082 prena.
285 2015 349 2080 Cap.
365 2016 379 2066 3
393 2017 426 2066 da
438 2028 510 2082 poen.
528 2019 555 2067 et
570 2017 606 2067 ib.
625 2017 712 2068 Gloss.
815 2059 818 2066 .

213 2179 275 2236 302.
296 2179 386 2234 Poeno
401 2175 531 2236 carceris
554 2175 698 2252 probatur
720 2175 758 2234 ab
778 2174 952 2234 innocentio
966 2177 1004 2233 ill
1016 2175 1067 2247 (l),
1083 2189 1099 2231 a
1114 2171 1205 2232 Boui-

116 2317 118 2323 .
177 2263 254 2324 isoio
272 2269 332 2323 vill
349 2269 397 2337 (ᾖ),
418 2271 480 2324 eta
500 2265 629 2324 Concilio
650 2263 831 2335 tridentino,
851 2264 932 2339 quod
953 2260 1138 2339 personalem
1158 2261 1205 2319 di-

176 2353 358 2412 stra'ctiourm
372 2351 513 2428 permittit
531 2356 582 2425 (3),
599 2359 632 2411 ut
653 2367 724 2410 reus
742 2368 819 2426 pace
838 2351 957 2424 doloris,
974 2358 1000 2410 ct
1014 2367 1093 2426 aquo
1105 2365 1203 2424 cupu-

160 2433 239 2500 'otia
258 2455 380 2500 suarum
394 2441 548 2516 culparum
562 2439 766 2516 poenitentiam
780 2445 858 2514 agat,
880 2446 913 2499 ut
934 2438 1035 2499 scribit
1056 2443 1203 2497 innocen-

180 2528 237 2588 tius
260 2533 296 2588 lll
322 2532 373 2602 (l).
400 2530 515 2604 Duplex
540 2535 586 2589 est
611 2545 728 2600 carcer,
754 2527 911 2586 nimirum:
935 2527 1148 2604 praecentibus,
1174 2532 1204 2585 et

178 2605 347 2693 afflictione.
371 2617 573 2676 Praevontivus
596 2616 716 2684 decerni
739 2633 800 2675 non
823 2623 932 2693 potest,
955 2615 1011 2674 nisi
1027 2615 1065 2674 de
1080 2614 1204 2673 crimine

177 2705 359 2765 sufficienter
370 2713 495 2777 constet,
512 2713 542 2765 et
557 2705 733 2765 criminosus
747 2705 785 2764 sit
798 2705 884 2764 valde
898 2705 1018 2779 defuga
1032 2708 1201 2778 suspectus

178 2795 236 2854 scd
255 2811 294 2853 cx
316 2793 459 2853 hodierna
478 2794 616 2854 Ecclesiae
637 2793 723 2869 praxi
743 2793 773 2851 in
791 2793 910 2868 iudiciis
929 2791 1133 2852 criminalibus
1150 2793 1206 2849 ba-

177 2881 283 2941 beudis
296 2898 367 2942 reus
389 2882 488 2957 granis
511 2882 643 2941 erbuinis
663 2882 693 2939 in
708 2898 839 2954 carcere,
856 2880 918 2940 sive
931 2879 1113 2939 monasterio
1128 2879 1202 2938 deti-

176 2977 274 3044 netur,
286 2972 383 3031 douac
394 2970 544 3046 inquisitio
558 2977 663 3034 contra
677 2970 774 3046 ipsunt
789 2971 974 3044 compleatur
982 2971 1033 3040 (5).
1045 2974 1202 3043 Postquam

179 3077 249 3119 vero
265 3059 307 3118 rei
321 3060 525 3132 constitutum,
541 3067 591 3120 aut
605 3059 648 3119 rei
671 3076 797 3119 examen
818 3059 911 3134 judex
925 3056 1089 3132 exceperit,
1104 3063 1205 3132 potest

177 3164 230 3206 reo
245 3148 411 3208 libertatem
426 3149 601 3220 concedere,
623 3155 656 3206 ut
677 3147 781 3206 melius
801 3147 898 3205 valeat
922 3162 992 3204 suas
1013 3145 1206 3204 detensiones

177 3253 331 3312 peragere,
351 3239 442 3297 modo
462 3239 563 3296 lorum
585 3255 645 3296 non
666 3237 784 3296 deserat
798 3236 854 3295 sibi
867 3235 904 3293 ad
918 3233 1113 3294 habitandum
1128 3234 1205 3294 assi-

177 3337 310 3399 gnatum.
319 3329 425 3386 carcer
439 3343 511 3386 vcro
519 3325 675 3386 afflictivus
687 3325 774 3384 datur
786 3325 816 3384 in
827 3339 949 3399 poenam
962 3322 1060 3382 delicti
1073 3332 1144 3399 post
1153 3339 1203 3380 ac-

178 3420 312 3474 curatam
325 3415 458 3490 ejusdem
472 3415 688 3492 probationem,
702 3420 731 3472 et
746 3412 854 3489 judicis
867 3411 1056 3484 sententiam,
1072 3410 1122 3488 qui
1136 3418 1203 3486 pot-

178 3510 303 3562 estesse
319 3505 528 3580 temporarius,
542 3505 590 3563 vel
603 3509 770 3579 perpetuat,
785 3509 818 3562 ut
837 3501 929 3578 liquet
943 3517 983 3560 ex
997 3499 1146 3561 sententia
1160 3499 1202 3558 ci·

179 3590 231 3648 tati
244 3590 417 3665 Pontificis(
437 3597 457 3663 ).
