2490 4088
566 261 726 318 -li2-

123 381 300 434 omittendum
322 381 358 434 sit
380 385 519 448 tamquam
535 383 658 436 illicitum
681 397 715 436 ex
738 384 793 436 alia
810 396 902 448 causa,
917 382 1038 436 dubitari
1051 384 1154 450 potest,

123 467 159 504 ιιι
179 457 244 505 tunc
265 453 439 505 contrahatur
458 454 654 520 irregularitas.
673 454 727 506 Sed
747 469 854 522 semper
877 455 1029 508 consultius
1052 459 1103 508 est
1120 453 1154 506 ad

124 523 256 576 cautelam
266 525 492 590 dispensationem
501 529 605 591 petere,
616 531 646 576 ut
656 526 739 578 tradit
754 526 872 592 Pyrrhus
886 527 1022 580 Corradus
1032 531 1062 578 ln
1072 526 1153 594 praa.

124 595 196 661 disp.
216 595 234 644 l.
256 595 280 659 5,
295 609 318 646 c.
335 595 355 647 l.
371 595 519 660 Propterea
542 597 649 658 medici,
664 599 692 649 et
710 596 830 662 chirurgi
848 597 955 650 etiamsi
971 601 1059 649 artem
1073 611 1155 650 suam

124 667 223 730 optime
243 665 366 730 calleant,
381 681 494 732 eamque
514 667 638 733 diligenti
662 667 751 720 studio
772 669 950 731 exercuerint,
966 668 1001 720 ed
1016 669 1154 720 cautelam

123 737 348 800 dispensationem
362 738 398 788 ab
412 738 613 803 irregularitate
627 742 720 804 petere
735 739 831 802 solent,
847 742 993 806 antequam
1007 740 1173 799 ordinibus

124 808 314 860 ecclesiasticis
335 809 484 860 initientur.
498 809 660 862 Benedictus
682 811 756 875 xiv,
773 811 838 862 deS
875 810 1105 870 ο(1.1.13,ι.10
1123 836 1154 848 -

123 878 174 944 (10)
189 879 252 946 Cap.
267 879 306 939 15,
321 880 361 943 ll,
376 880 407 932 13
421 885 447 931 et
461 882 500 944 25,
511 881 545 933 do
558 881 684 933 homicid.
699 882 860 934 etClem.c
849 879 993 947 istricatis
1002 881 1063 934 eod.
1072 880 1153 944 Quod

121 950 237 1002 dicimus
255 951 289 1003 de
302 951 447 1004 homicidio
462 952 553 1005 adsui
568 953 753 1006 defensionem
766 967 822 1006 non
835 953 989 1005 extenditur
1008 952 1043 1004 ad
1061 953 1153 1004 horni-

121 1021 221 1072 cidium
235 1023 269 1074 ob
279 1024 413 1075 bonorum
422 1025 653 1076 conservationem
665 1029 817 1091 patratum:
810 1024 879 1076 ·hoc
889 1025 960 1076 enim
973 1023 1153 1076 homicidium

121 1091 199 1145 alleri
211 1092 455 1160 irregularitatem,
469 1108 532 1147 nam
542 1095 701 1147 «Alexander
715 1095 767 1158 III,
780 1095 853 1148 hunc
874 1109 967 1148 casum
986 1095 1152 1162 proponenti

121 1165 278 1231 respondit.
295 1165 430 1232 Quoniam
443 1166 598 1232 expediebat
611 1166 701 1233 potius
713 1169 771 1232 port
786 1167 909 1220 tunicam
925 1165 1076 1232 relinquere
1087 1165 1151 1232 pat·

121 1235 199 1299 liam,
213 1240 239 1290 ct
253 1251 347 1290 rarum
363 1237 494 1290 nntdacrc
506 1239 668 1304 jacturam,
686 1250 780 1306 guam
783 1251 832 1303 pro
846 1235 1036 1290 conservandis
1052 1235 1151 1290 vittam

120 1306 206 1368 ιιιιιι,
221 1311 247 1361 ιι
260 1307 436 1374 transitoriis,
449 1313 507 1362 tam
521 1309 622 1362 acntcr
635 1309 666 1361 in
678 1309 746 1362 alios
759 1307 959 1364 excandescere
978 1307 1044 1376 Gap.
1059 1307 1100 1374 to,
1117 1307 1151 1362 dc

120 1377 291 1432 homicid.-
261 1381 355 1447 -(ll)
369 1381 438 1433 Dict.
454 1379 538 1432 Glem
554 1375 586 1434 Si
597 1379 727 1446 [ιιιιιιιι
742 1380 820 1433 etih.
831 1380 921 1434 alosa.

157 1567 219 1626 103.
237 1565 376 1626 Deiectus
389 1565 440 1642 qui
452 1565 700 1643 irregularitatem
710 1565 856 1628 inducunt
868 1563 943 1626 varii
953 1564 1148 1642 designantur

56 1691 57 1694 κ
120 1652 335 1727 abactoribus,
349 1653 429 1730 itque
441 1661 511 1715 sunt
523 1655 624 1730 animi,
638 1661 688 1715 aut
702 1655 848 1733 corporis,
864 1660 917 1715 aut
928 1655 1081 1730 libertatis,
1094 1660 1148 1715 aut

120 1742 216 1815 lamae,
231 1749 282 1802 aut
302 1742 439 1804 lenitatis.
463 1748 508 1803 lix
527 1744 646 1804 delectu
668 1743 759 1806 animi
786 1744 966 1820 irregulares
988 1750 1069 1818 sunt,
1094 1742 1147 1820 qui

120 1830 301 1906 baptismum
322 1848 384 1891 non
402 1844 591 1909 receperunt,
606 1849 735 1909 quorum
755 1833 903 1894 ordinatio
922 1837 968 1895 est
983 1831 1077 1906 irrita,
1097 1831 1149 1910 qui

120 1926 268 1994 recenter,
278 1928 330 1982 aut
341 1919 372 1979 in
385 1919 566 1996 infirmitate,
581 1929 631 1982 ant
644 1921 676 1981 in
684 1922 790 1982 haeresi
802 1923 927 1984 fuerunt·
935 1921 1085 1998 baptizati,
1096 1921 1148 1998 qui
1205 1998 1208 2004 ¹

120 2024 181 2068 non
205 2009 327 2069 luerunt
347 2009 524 2085 ιοιιιιιιιιὶ,
548 2011 600 2087 qui
621 2028 709 2072 usam
724 2010 847 2072 rationis
870 2027 933 2072 non
951 2011 1072 2085 habent,
1097 2016 1147 2070 ιιι

119 2097 231 2158 habent
244 2098 374 2174 quidem,
390 2100 445 2160 sed
460 2117 522 2159 non
538 2100 724 2176 continuum,
747 2117 846 2177 neque
860 2099 997 2174 liberum,
1013 2099 1064 2176 qui
1078 2104 1148 2162 sunt

119 2184 258 2262 illiterati,
273 2189 361 2264 quive
375 2188 530 2250 scientiam
547 2206 609 2249 non
627 2190 739 2250 habeut
757 2207 775 2248 a
792 2189 888 2250 sacris
904 2189 1071 2250 canantius
1092 2205 1147 2265 pro

120 2275 235 2350 ordine,
250 2277 388 2354 adquam
397 2277 540 2354 aspirant,
555 2278 738 2354 requisitam,
748 2295 858 2354 nempe
871 2277 1010 2354 peritiam
1022 2278 1148 2338 elemen-

120 2370 220 2424 torum
233 2365 312 2440 fidei,
332 2365 450 2442 legendi
466 2373 497 2426 ιι
515 2366 665 2427 scribendi
679 2384 735 2444 pro
751 2367 848 2444 prima
862 2373 997 2442 tonsura,
1012 2365 1146 2444 peritiam

119 2451 228 2529 linguae
241 2454 339 2514 latinae
351 2471 408 2532 pro
420 2454 576 2516 ordinibus
587 2454 761 2528 minoribus,
776 2455 913 2532 peritiam
927 2455 1102 2530 litterarum,
1116 2457 1149 2514 et

120 2558 226 2602 eorum
244 2561 311 2620 quac
324 2544 363 2604 ad
376 2543 513 2604 ordinem
533 2550 738 2626 spectantpro
756 2544 982 2619 subdiaconatu,
1002 2549 1033 2604 et
1047 2543 1148 2605 diaco-

120 2638 203 2704 natu,
211 2638 241 2692 et
250 2631 387 2709 peritiam
398 2632 525 2692 docendi
534 2633 704 2694 necessaria
712 2633 751 2694 ad
761 2635 899 2712 salutem,
909 2651 950 2697 aa
962 2629 1147 2696 minanand
1158 2659 1162 2666 ·

119 2726 307 2782 sacramanta
319 2737 376 2798 pro
390 2722 600 2800 presbyteratu
616 2725 668 2798 (l).

152 2861 185 2927 (1)
197 2861 272 2914 Trld.
287 2875 356 2923 sess,
369 2863 410 2930 23,
425 2877 447 2916 c.
464 2865 489 2930 4,
503 2863 543 2929 ll,
557 2863 587 2917 13
602 2866 629 2916 ιι
644 2863 682 2929 tt,
694 2863 731 2917 de
745 2864 795 2918 rei.

156 3025 219 3083 101.
231 3027 276 3082 lla
288 3023 406 3084 delectu
420 3022 555 3100 corporis
570 3029 640 3084 eum
655 3024 846 3125 irregulares,
868 3021 923 3098 qni
939 3017 1052 3096 auditu,
1066 3019 1147 3082 iodr-

119 3109 211 3185 tione,
236 3117 286 3172 ιιι
299 3111 366 3172 risu
379 3113 467 3172 desiit
455 3119 588 3188 tuantur,
613 3113 664 3189 qui
684 3129 784 3190 manu,
804 3121 855 3172 ιιι
867 3110 965 3172 indice
978 3110 1082 3212 digito,
1099 3115 1148 3171 ant

121 3201 220 3274 oculo,
235 3205 286 3260 ant
306 3199 416 3260 lumine
434 3203 512 3262 oculi
530 3201 651 3276 sinistri,
667 3219 757 3278 quem
777 3199 898 3262 οιιιιιιι
911 3201 1033 3261 canonis
1047 3181 1149 3275 appel·

119 3289 192 3362 lant,
215 3290 333 3366 carent,
353 3290 489 3366 quisunt
505 3289 629 3352 ridicule
642 3291 751 3367 pusilli,
778 3297 829 3351 ant
844 3288 1006 3352 enormiter
1022 3286 1148 3364 gibbosi,

120 3374 172 3452 qni
184 3376 248 3436 sine
261 3377 368 3438 haculo
381 3385 535 3454 nequeunt
547 3379 697 3454 incedere,
712 3386 764 3439 aut
776 3379 892 3440 fortiter
906 3378 1085 3454 claudicant,
1100 3373 1149 3452 qui

121 3471 191 3525 sunt
203 3466 324 3540 leprosi,
339 3473 391 3526 aut
403 3465 570 3543 paralytici,
580 3475 632 3528 aut
645 3466 702 3529 alio
717 3467 802 3544 gravi
811 3468 918 3528 morbo
932 3467 1071 3528 laborant
1082 3480 1149 3526 aor-

121 3553 205 3630 poris
218 3555 396 3616 exercitium
419 3555 609 3633 impediente,
631 3557 743 3634 quique
759 3557 836 3618 adeo
857 3557 1006 3618 deformes
1017 3561 1102 3630 sunt,
1118 3558 1151 3614 ut

121 3643 270 3734 dolorem,
299 3643 348 3707 ael
365 3641 464 3710 ristun
482 3643 626 3726 saciant,
645 3645 722 3710 sicut
737 3645 770 3709 in
787 3644 890 3726 specie
908 3659 1024 3724 coram,
1043 3643 1150 3725 quiam
