<?xml version="1.0" encoding="UTF-8"?>
<!DOCTYPE html PUBLIC "-//W3C//DTD XHTML 1.0 Transitional//EN"
    "http://www.w3.org/TR/xhtml1/DTD/xhtml1-transitional.dtd">
<html xmlns="http://www.w3.org/1999/xhtml" xml:lang="en" lang="en">
 <head>
  <title>
</title>
<meta http-equiv="Content-Type" content="text/html;charset=utf-8" />
  <meta name='ocr-system' content='tesseract 3.04.00' />
  <meta name='ocr-capabilities' content='ocr_page ocr_carea ocr_par ocr_line ocrx_word'/>
</head>
<body>
  <div class='ocr_page' id='page_1' title='image "./summainstitutio00ferrgoog_0216.png"; bbox 0 0 2468 4090; ppageno 0'>
   <div class='ocr_carea' id='block_1_1' title="bbox 478 151 649 207">
    <p class='ocr_par' dir='ltr' id='par_1_1' title="bbox 478 151 649 207">
     <span class='ocr_line' id='line_1_1' title="bbox 478 151 649 207; baseline 0.006 -1"><span class='ocrx_word' id='word_1_1' title='bbox 478 151 649 207; x_wconf 74' lang='lat' dir='ltr'><strong><em>·-ttl-·</em></strong></span> 
     </span>
    </p>
   </div>
   <div class='ocr_carea' id='block_1_2' title="bbox 69 271 1090 907">
    <p class='ocr_par' dir='ltr' id='par_1_2' title="bbox 69 271 1090 907">
     <span class='ocr_line' id='line_1_2' title="bbox 71 271 1090 340; baseline 0.008 -20"><span class='ocrx_word' id='word_1_2' title='bbox 71 272 199 322; x_wconf 74' lang='lat' dir='ltr'><strong><em>candem?</em></strong></span> <span class='ocrx_word' id='word_1_3' title='bbox 214 271 332 334; x_wconf 78' lang='lat' dir='ltr'><strong>Quidam</strong></span> <span class='ocrx_word' id='word_1_4' title='bbox 345 273 578 338; x_wconf 76' lang='lat' dir='ltr'><strong><em>negantpetendae</em></strong></span> <span class='ocrx_word' id='word_1_5' title='bbox 592 273 679 324; x_wconf 85' lang='lat' dir='ltr'><strong><em>veniae</em></strong></span> <span class='ocrx_word' id='word_1_6' title='bbox 693 273 892 334; x_wconf 86' lang='lat' dir='ltr'><strong><em>necessitatem,</em></strong></span> <span class='ocrx_word' id='word_1_7' title='bbox 906 272 1090 340; x_wconf 82' lang='lat' dir='ltr'><strong><em>qnia&#39;lriden·</em></strong></span> 
     </span>
     <span class='ocr_line' id='line_1_3' title="bbox 70 341 1089 411; baseline 0.007 -20"><span class='ocrx_word' id='word_1_8' title='bbox 70 341 149 392; x_wconf 88' lang='lat' dir='ltr'><strong><em>tinum</em></strong></span> <span class='ocrx_word' id='word_1_9' title='bbox 162 343 213 394; x_wconf 90' lang='lat' dir='ltr'><strong><em>hoe</em></strong></span> <span class='ocrx_word' id='word_1_10' title='bbox 227 344 339 396; x_wconf 78' lang='lat' dir='ltr'><strong>remittit</strong></span> <span class='ocrx_word' id='word_1_11' title='bbox 353 345 548 411; x_wconf 81' lang='lat' dir='ltr'><strong><em>Episcoporum</em></strong></span> <span class='ocrx_word' id='word_1_12' title='bbox 566 345 747 408; x_wconf 76' lang='lat' dir='ltr'><strong><em>conectendas,</em></strong></span> <span class='ocrx_word' id='word_1_13' title='bbox 767 345 832 397; x_wconf 89' lang='lat' dir='ltr'><strong><em>dum</em></strong></span> <span class='ocrx_word' id='word_1_14' title='bbox 853 346 937 397; x_wconf 82' lang='lat' dir='ltr'><strong><em>dicit:</em></strong></span> <span class='ocrx_word' id='word_1_15' title='bbox 952 345 985 398; x_wconf 81' lang='lat' dir='ltr'><strong><em>Ut</em></strong></span> <span class='ocrx_word' id='word_1_16' title='bbox 1006 343 1037 398; x_wconf 77' lang='lat' dir='ltr'><strong><em>id</em></strong></span> <span class='ocrx_word' id='word_1_17' title='bbox 1055 359 1089 398; x_wconf 79' lang='lat' dir='ltr'><strong><em>ca</em></strong></span> 
     </span>
     <span class='ocr_line' id='line_1_4' title="bbox 69 415 1090 483; baseline 0.006 -20"><span class='ocrx_word' id='word_1_18' title='bbox 69 424 137 477; x_wconf 75' lang='lat' dir='ltr'><strong><em>aqna</em></strong></span> <span class='ocrx_word' id='word_1_19' title='bbox 152 428 236 466; x_wconf 82' lang='lat' dir='ltr'><strong><em>caasa</em></strong></span> <span class='ocrx_word' id='word_1_20' title='bbox 254 415 316 479; x_wconf 75' lang='lat' dir='ltr'><strong><em>flat,</em></strong></span> <span class='ocrx_word' id='word_1_21' title='bbox 336 419 362 468; x_wconf 86' lang='lat' dir='ltr'><strong><em>ct</em></strong></span> <span class='ocrx_word' id='word_1_22' title='bbox 380 415 477 481; x_wconf 85' lang='lat' dir='ltr'><strong><em>absque</em></strong></span> <span class='ocrx_word' id='word_1_23' title='bbox 491 416 545 468; x_wconf 84' lang='lat' dir='ltr'><strong><em>ullo</em></strong></span> <span class='ocrx_word' id='word_1_24' title='bbox 559 415 645 481; x_wconf 73' lang='lat' dir='ltr'><strong><em>precis</em></strong></span> <span class='ocrx_word' id='word_1_25' title='bbox 664 415 835 480; x_wconf 82' lang='lat' dir='ltr'><strong><em>detrimento,</em></strong></span> <span class='ocrx_word' id='word_1_26' title='bbox 849 416 920 483; x_wconf 84' lang='lat' dir='ltr'><strong><em>qaod</em></strong></span> <span class='ocrx_word' id='word_1_27' title='bbox 938 431 976 469; x_wconf 85' lang='lat' dir='ltr'><strong><em>an</em></strong></span> <span class='ocrx_word' id='word_1_28' title='bbox 988 416 1030 469; x_wconf 90' lang='lat' dir='ltr'><strong><em>ita</em></strong></span> <span class='ocrx_word' id='word_1_29' title='bbox 1043 416 1090 480; x_wconf 85' lang='lat' dir='ltr'><strong><em>sit,</em></strong></span> 
     </span>
     <span class='ocr_line' id='line_1_5' title="bbox 70 483 1090 554; baseline 0.007 -21"><span class='ocrx_word' id='word_1_30' title='bbox 70 483 259 538; x_wconf 76' lang='lat' dir='ltr'><strong><em>abscedentium</em></strong></span> <span class='ocrx_word' id='word_1_31' title='bbox 272 486 437 538; x_wconf 78' lang='lat' dir='ltr'><strong><em>conscientias</em></strong></span> <span class='ocrx_word' id='word_1_32' title='bbox 451 487 612 554; x_wconf 73' lang='lat' dir='ltr'><strong><em>relinquen,</em></strong></span> <span class='ocrx_word' id='word_1_33' title='bbox 633 500 717 552; x_wconf 86' lang='lat' dir='ltr'><strong><em>qaam</em></strong></span> <span class='ocrx_word' id='word_1_34' title='bbox 732 491 823 552; x_wconf 84' lang='lat' dir='ltr'><strong><em>sperat</em></strong></span> <span class='ocrx_word' id='word_1_35' title='bbox 842 488 996 552; x_wconf 83' lang='lat' dir='ltr'><strong><em>reliqiosam</em></strong></span> <span class='ocrx_word' id='word_1_36' title='bbox 1011 491 1037 540; x_wconf 89' lang='lat' dir='ltr'><strong><em>ct</em></strong></span> <span class='ocrx_word' id='word_1_37' title='bbox 1054 487 1090 540; x_wconf 89' lang='lat' dir='ltr'><strong><em>ti-</em></strong></span> 
     </span>
     <span class='ocr_line' id='line_1_6' title="bbox 70 557 1090 624; baseline -0.001 -15"><span class='ocrx_word' id='word_1_38' title='bbox 70 560 198 610; x_wconf 79' lang='lat' dir='ltr'><strong><em>moratam</em></strong></span> <span class='ocrx_word' id='word_1_39' title='bbox 209 557 279 621; x_wconf 75' lang='lat' dir='ltr'><strong><em>torc.</em></strong></span> <span class='ocrx_word' id='word_1_40' title='bbox 293 557 372 610; x_wconf 89' lang='lat' dir='ltr'><strong><em>Card.</em></strong></span> <span class='ocrx_word' id='word_1_41' title='bbox 386 558 477 622; x_wconf 84' lang='lat' dir='ltr'><strong><em>Soglia</em></strong></span> <span class='ocrx_word' id='word_1_42' title='bbox 498 559 526 608; x_wconf 94' lang='lat' dir='ltr'><strong><em>in</em></strong></span> <span class='ocrx_word' id='word_1_43' title='bbox 547 560 615 609; x_wconf 86' lang='lat' dir='ltr'><strong><em>inst.</em></strong></span> <span class='ocrx_word' id='word_1_44' title='bbox 631 559 687 624; x_wconf 86' lang='lat' dir='ltr'><strong><em>jur.</em></strong></span> <span class='ocrx_word' id='word_1_45' title='bbox 708 558 778 623; x_wconf 82' lang='lat' dir='ltr'>priv.</span> <span class='ocrx_word' id='word_1_46' title='bbox 797 557 810 624; x_wconf 67' lang='lat' dir='ltr'><strong><em>q</em></strong></span> <span class='ocrx_word' id='word_1_47' title='bbox 828 559 854 608; x_wconf 86' lang='grc'><strong><em>6.</em></strong></span> <span class='ocrx_word' id='word_1_48' title='bbox 872 558 928 609; x_wconf 76' lang='lat' dir='ltr'><strong><em>Alii</em></strong></span> <span class='ocrx_word' id='word_1_49' title='bbox 945 558 1090 616; x_wconf 83' lang='lat' dir='ltr'><strong><em>affirmant,</em></strong></span> 
     </span>
     <span class='ocr_line' id='line_1_7' title="bbox 71 627 1089 694; baseline 0.003 -16"><span class='ocrx_word' id='word_1_50' title='bbox 71 629 197 680; x_wconf 82' lang='lat' dir='ltr'><strong><em>boeotiam</em></strong></span> <span class='ocrx_word' id='word_1_51' title='bbox 210 628 354 694; x_wconf 88' lang='lat' dir='ltr'><strong><em>petendam</em></strong></span> <span class='ocrx_word' id='word_1_52' title='bbox 368 643 428 680; x_wconf 91' lang='lat' dir='ltr'><strong><em>esse</em></strong></span> <span class='ocrx_word' id='word_1_53' title='bbox 442 642 459 680; x_wconf 89' lang='lat' dir='ltr'><strong><em>a</em></strong></span> <span class='ocrx_word' id='word_1_54' title='bbox 473 628 632 683; x_wconf 76' lang='lat' dir='ltr'><strong><em>Beatissimo</em></strong></span> <span class='ocrx_word' id='word_1_55' title='bbox 647 627 766 682; x_wconf 81' lang='lat' dir='ltr'><strong><em>Romano</em></strong></span> <span class='ocrx_word' id='word_1_56' title='bbox 778 629 916 694; x_wconf 73' lang='lat' dir='ltr'><strong><em>reprime,</em></strong></span> <span class='ocrx_word' id='word_1_57' title='bbox 936 633 987 682; x_wconf 86' lang='lat' dir='ltr'><strong><em>aut</em></strong></span> <span class='ocrx_word' id='word_1_58' title='bbox 1005 643 1023 681; x_wconf 94' lang='lat' dir='ltr'><strong><em>a</em></strong></span> <span class='ocrx_word' id='word_1_59' title='bbox 1035 630 1089 682; x_wconf 87' lang='lat' dir='ltr'><strong><em>Me-</em></strong></span> 
     </span>
     <span class='ocr_line' id='line_1_8' title="bbox 72 699 1090 766; baseline 0.002 -16"><span class='ocrx_word' id='word_1_60' title='bbox 72 699 233 764; x_wconf 87' lang='lat' dir='ltr'><strong><em>iropoliioao,</em></strong></span> <span class='ocrx_word' id='word_1_61' title='bbox 244 699 285 751; x_wconf 86' lang='lat' dir='ltr'><strong><em>eet</em></strong></span> <span class='ocrx_word' id='word_1_62' title='bbox 301 713 330 750; x_wconf 91' lang='lat' dir='ltr'><strong><em>eo</em></strong></span> <span class='ocrx_word' id='word_1_63' title='bbox 344 699 459 759; x_wconf 82' lang='lat' dir='ltr'><strong><em>absente,</em></strong></span> <span class='ocrx_word' id='word_1_64' title='bbox 474 700 507 752; x_wconf 87' lang='lat' dir='ltr'><strong><em>ab</em></strong></span> <span class='ocrx_word' id='word_1_65' title='bbox 522 699 649 765; x_wconf 80' lang='lat' dir='ltr'><strong><em>Episcopo</em></strong></span> <span class='ocrx_word' id='word_1_66' title='bbox 664 699 835 764; x_wconf 75' lang='lat' dir='ltr'><strong><em>saffraponeo</em></strong></span> <span class='ocrx_word' id='word_1_67' title='bbox 848 700 1003 766; x_wconf 82' lang='lat' dir='ltr'><strong><em>antiquiore</em></strong></span> <span class='ocrx_word' id='word_1_68' title='bbox 1022 700 1090 752; x_wconf 87' lang='lat' dir='ltr'><strong><em>resi·</em></strong></span> 
     </span>
     <span class='ocr_line' id='line_1_9' title="bbox 71 769 1088 838; baseline 0.003 -18"><span class='ocrx_word' id='word_1_69' title='bbox 71 771 148 835; x_wconf 86' lang='lat' dir='ltr'><strong><em>dente,</em></strong></span> <span class='ocrx_word' id='word_1_70' title='bbox 161 769 295 836; x_wconf 79' lang='lat' dir='ltr'><strong><em>quitatem</em></strong></span> <span class='ocrx_word' id='word_1_71' title='bbox 308 769 509 836; x_wconf 84' lang='lat' dir='ltr'><strong><em>Metropolitani</em></strong></span> <span class='ocrx_word' id='word_1_72' title='bbox 525 771 674 824; x_wconf 77' lang='lat' dir='ltr'><strong><em>absentiam</em></strong></span> <span class='ocrx_word' id='word_1_73' title='bbox 687 769 800 837; x_wconf 86' lang='lat' dir='ltr'><strong><em>probare</em></strong></span> <span class='ocrx_word' id='word_1_74' title='bbox 813 770 914 823; x_wconf 71' lang='lat' dir='ltr'><strong><em>debemt</em></strong></span> <span class='ocrx_word' id='word_1_75' title='bbox 927 771 1088 838; x_wconf 84' lang='lat' dir='ltr'><strong><em>inscriptis.</em></strong></span> 
     </span>
     <span class='ocr_line' id='line_1_10' title="bbox 71 841 1090 907; baseline 0.002 -15"><span class='ocrx_word' id='word_1_76' title='bbox 71 842 136 892; x_wconf 86' lang='lat' dir='ltr'><strong><em>Tn&#39;d.</em></strong></span> <span class='ocrx_word' id='word_1_77' title='bbox 149 841 214 892; x_wconf 87' lang='lat' dir='ltr'>ibid.</span> <span class='ocrx_word' id='word_1_78' title='bbox 230 842 285 892; x_wconf 84' lang='lat' dir='ltr'><strong><em>Alii</em></strong></span> <span class='ocrx_word' id='word_1_79' title='bbox 299 843 407 894; x_wconf 89' lang='lat' dir='ltr'><strong><em>demum</em></strong></span> <span class='ocrx_word' id='word_1_80' title='bbox 424 845 566 895; x_wconf 83' lang='lat' dir='ltr'><strong><em>causante</em></strong></span> <span class='ocrx_word' id='word_1_81' title='bbox 582 844 657 907; x_wconf 87' lang='lat' dir='ltr'><strong><em>Papa</em></strong></span> <span class='ocrx_word' id='word_1_82' title='bbox 671 842 778 893; x_wconf 88' lang='lat' dir='ltr'><strong><em>omnino</em></strong></span> <span class='ocrx_word' id='word_1_83' title='bbox 794 841 931 894; x_wconf 77' lang='lat' dir='ltr'><strong><em>licentiam</em></strong></span> <span class='ocrx_word' id='word_1_84' title='bbox 946 843 1090 907; x_wconf 87' lang='lat' dir='ltr'><strong><em>petendam</em></strong></span> 
     </span>
    </p>
   </div>
   <div class='ocr_carea' id='block_1_3' title="bbox 71 908 1198 979">
    <p class='ocr_par' dir='ltr' id='par_1_3' title="bbox 71 908 1198 979">
     <span class='ocr_line' id='line_1_11' title="bbox 71 908 1198 979; baseline 0.001 -16"><span class='ocrx_word' id='word_1_85' title='bbox 71 926 133 974; x_wconf 89' lang='lat' dir='ltr'><strong><em>esse,</em></strong></span> <span class='ocrx_word' id='word_1_86' title='bbox 145 914 208 978; x_wconf 88' lang='lat' dir='ltr'><strong><em>quia</em></strong></span> <span class='ocrx_word' id='word_1_87' title='bbox 221 915 350 966; x_wconf 89' lang='lat' dir='ltr'><strong><em>Urbanus</em></strong></span> <span class='ocrx_word' id='word_1_88' title='bbox 367 914 443 976; x_wconf 92' lang='lat' dir='ltr'><strong><em>VIll,</em></strong></span> <span class='ocrx_word' id='word_1_89' title='bbox 460 915 488 964; x_wconf 90' lang='lat' dir='ltr'><strong><em>in</em></strong></span> <span class='ocrx_word' id='word_1_90' title='bbox 503 914 580 965; x_wconf 91' lang='lat' dir='ltr'><strong><em>bulla</em></strong></span> <span class='ocrx_word' id='word_1_91' title='bbox 599 909 701 966; x_wconf 82' lang='lat' dir='ltr'><strong><em>Sancta</em></strong></span> <span class='ocrx_word' id='word_1_92' title='bbox 719 908 843 979; x_wconf 76' lang='lat' dir='ltr'><strong><em>Sporadas</em></strong></span> <span class='ocrx_word' id='word_1_93' title='bbox 859 915 962 974; x_wconf 87' lang='lat' dir='ltr'><strong><em>statuit,</em></strong></span> <span class='ocrx_word' id='word_1_94' title='bbox 980 929 1014 964; x_wconf 91' lang='lat' dir='ltr'><strong><em>ne</em></strong></span> <span class='ocrx_word' id='word_1_95' title='bbox 1031 914 1090 979; x_wconf 82' lang='lat' dir='ltr'><strong><em>epi·</em></strong></span> <span class='ocrx_word' id='word_1_96' title='bbox 1193 926 1198 934; x_wconf 92' lang='lat'><strong>·</strong></span> 
     </span>
    </p>
   </div>
   <div class='ocr_carea' id='block_1_4' title="bbox 70 983 1092 1475">
    <p class='ocr_par' dir='ltr' id='par_1_4' title="bbox 70 983 1092 1475">
     <span class='ocr_line' id='line_1_12' title="bbox 72 983 1092 1050; baseline 0.002 -17"><span class='ocrx_word' id='word_1_97' title='bbox 72 984 137 1050; x_wconf 90' lang='lat' dir='ltr'><strong><em>scopi</em></strong></span> <span class='ocrx_word' id='word_1_98' title='bbox 149 984 286 1036; x_wconf 82' lang='lat' dir='ltr'><strong><em>discedere</em></strong></span> <span class='ocrx_word' id='word_1_99' title='bbox 306 989 418 1049; x_wconf 86' lang='lat' dir='ltr'><strong><em>possent</em></strong></span> <span class='ocrx_word' id='word_1_100' title='bbox 432 999 448 1034; x_wconf 90' lang='lat' dir='ltr'><strong><em>a</em></strong></span> <span class='ocrx_word' id='word_1_101' title='bbox 462 986 519 1036; x_wconf 90' lang='lat' dir='ltr'><strong><em>suis</em></strong></span> <span class='ocrx_word' id='word_1_102' title='bbox 536 985 702 1036; x_wconf 78' lang='lat' dir='ltr'><strong><em>dioecesibus</em></strong></span> <span class='ocrx_word' id='word_1_103' title='bbox 723 985 782 1036; x_wconf 90' lang='lat' dir='ltr'><strong><em>sine</em></strong></span> <span class='ocrx_word' id='word_1_104' title='bbox 797 983 907 1035; x_wconf 87' lang='lat' dir='ltr'><strong><em>licentia</em></strong></span> <span class='ocrx_word' id='word_1_105' title='bbox 926 985 1010 1048; x_wconf 78' lang='lat' dir='ltr'><strong><em>Papa</em></strong></span> <span class='ocrx_word' id='word_1_106' title='bbox 1028 985 1092 1035; x_wconf 85' lang='lat' dir='ltr'><strong><em>date</em></strong></span> 
     </span>
     <span class='ocr_line' id='line_1_13' title="bbox 71 1055 1089 1120; baseline 0.002 -16"><span class='ocrx_word' id='word_1_107' title='bbox 71 1069 114 1117; x_wconf 87' lang='lat' dir='ltr'><strong><em>per</em></strong></span> <span class='ocrx_word' id='word_1_108' title='bbox 122 1056 209 1117; x_wconf 88' lang='lat' dir='ltr'><strong><em>breve,</em></strong></span> <span class='ocrx_word' id='word_1_109' title='bbox 217 1057 260 1107; x_wconf 90' lang='lat' dir='ltr'><strong><em>vel</em></strong></span> <span class='ocrx_word' id='word_1_110' title='bbox 272 1056 376 1106; x_wconf 84' lang='lat' dir='ltr'><strong><em>litteras</em></strong></span> <span class='ocrx_word' id='word_1_111' title='bbox 386 1056 521 1119; x_wconf 90' lang='lat' dir='ltr'><strong><em>missivas,</em></strong></span> <span class='ocrx_word' id='word_1_112' title='bbox 531 1056 602 1120; x_wconf 92' lang='lat' dir='ltr'><strong><em>quod</em></strong></span> <span class='ocrx_word' id='word_1_113' title='bbox 612 1059 769 1106; x_wconf 86' lang='lat' dir='ltr'><strong><em>renovatum</em></strong></span> <span class='ocrx_word' id='word_1_114' title='bbox 778 1055 830 1106; x_wconf 86' lang='lat' dir='ltr'><strong><em>fuit</em></strong></span> <span class='ocrx_word' id='word_1_115' title='bbox 839 1069 855 1105; x_wconf 87' lang='lat' dir='ltr'><strong><em>a</em></strong></span> <span class='ocrx_word' id='word_1_116' title='bbox 864 1055 1008 1106; x_wconf 88' lang='lat' dir='ltr'><strong><em>Benedicto</em></strong></span> <span class='ocrx_word' id='word_1_117' title='bbox 1014 1056 1089 1113; x_wconf 81' lang='lat' dir='ltr'><strong><em>XIV,</em></strong></span> 
     </span>
     <span class='ocr_line' id='line_1_14' title="bbox 71 1125 1090 1192; baseline 0.005 -18"><span class='ocrx_word' id='word_1_118' title='bbox 71 1125 97 1174; x_wconf 90' lang='lat' dir='ltr'><strong><em>iu</em></strong></span> <span class='ocrx_word' id='word_1_119' title='bbox 108 1126 164 1177; x_wconf 90' lang='lat' dir='ltr'><strong><em>Bul.</em></strong></span> <span class='ocrx_word' id='word_1_120' title='bbox 185 1126 227 1177; x_wconf 80' lang='lat' dir='ltr'><strong><em>Ad</em></strong></span> <span class='ocrx_word' id='word_1_121' title='bbox 246 1126 386 1178; x_wconf 81' lang='lat' dir='ltr'><strong><em>universa.</em></strong></span> <span class='ocrx_word' id='word_1_122' title='bbox 402 1128 442 1178; x_wconf 81' lang='lat' dir='ltr'><strong><em>En</em></strong></span> <span class='ocrx_word' id='word_1_123' title='bbox 457 1127 500 1178; x_wconf 92' lang='lat' dir='ltr'><strong><em>his</em></strong></span> <span class='ocrx_word' id='word_1_124' title='bbox 523 1126 650 1178; x_wconf 87' lang='lat' dir='ltr'><strong><em>Giraldus</em></strong></span> <span class='ocrx_word' id='word_1_125' title='bbox 667 1127 812 1188; x_wconf 89' lang='lat' dir='ltr'><strong><em>concludit,</em></strong></span> <span class='ocrx_word' id='word_1_126' title='bbox 828 1125 987 1192; x_wconf 83' lang='lat' dir='ltr'><strong><em>derogatum</em></strong></span> <span class='ocrx_word' id='word_1_127' title='bbox 1005 1129 1090 1179; x_wconf 83' lang='lat' dir='ltr'><strong><em>luisse</em></strong></span> 
     </span>
     <span class='ocr_line' id='line_1_15' title="bbox 72 1197 1090 1264; baseline 0.004 -19"><span class='ocrx_word' id='word_1_128' title='bbox 72 1197 198 1260; x_wconf 79' lang='lat' dir='ltr'><strong><em>pracitatn</em></strong></span> <span class='ocrx_word' id='word_1_129' title='bbox 220 1197 372 1249; x_wconf 85' lang='lat' dir='ltr'><strong><em>Tridentini</em></strong></span> <span class='ocrx_word' id='word_1_130' title='bbox 395 1198 502 1249; x_wconf 91' lang='lat' dir='ltr'><strong><em>decreto</em></strong></span> <span class='ocrx_word' id='word_1_131' title='bbox 530 1198 618 1262; x_wconf 88' lang='lat' dir='ltr'><strong><em>quoad</em></strong></span> <span class='ocrx_word' id='word_1_132' title='bbox 638 1198 888 1263; x_wconf 84' lang='lat' dir='ltr'><strong><em>Metropolitanum,</em></strong></span> <span class='ocrx_word' id='word_1_133' title='bbox 907 1201 934 1249; x_wconf 89' lang='lat' dir='ltr'><strong><em>et</em></strong></span> <span class='ocrx_word' id='word_1_134' title='bbox 955 1198 1090 1264; x_wconf 83' lang='lat' dir='ltr'><strong><em>entIquio·</em></strong></span> 
     </span>
     <span class='ocr_line' id='line_1_16' title="bbox 70 1269 1090 1338; baseline 0.004 -20"><span class='ocrx_word' id='word_1_135' title='bbox 70 1280 121 1318; x_wconf 90' lang='lat' dir='ltr'><strong><em>rem</em></strong></span> <span class='ocrx_word' id='word_1_136' title='bbox 137 1269 282 1331; x_wconf 78' lang='lat' dir='ltr'><strong><em>provinciae</em></strong></span> <span class='ocrx_word' id='word_1_137' title='bbox 306 1269 480 1334; x_wconf 76' lang='lat' dir='ltr'><strong><em>Episcopum.</em></strong></span> <span class='ocrx_word' id='word_1_138' title='bbox 496 1269 539 1320; x_wconf 89' lang='lat' dir='ltr'><strong><em>Ad</em></strong></span> <span class='ocrx_word' id='word_1_139' title='bbox 558 1270 669 1320; x_wconf 89' lang='lat' dir='ltr'><strong><em>citatum</em></strong></span> <span class='ocrx_word' id='word_1_140' title='bbox 687 1269 762 1320; x_wconf 88' lang='lat' dir='ltr'><strong><em>Trid.</em></strong></span> <span class='ocrx_word' id='word_1_141' title='bbox 777 1283 838 1333; x_wconf 87' lang='lat' dir='ltr'><strong><em>cap.</em></strong></span> <span class='ocrx_word' id='word_1_142' title='bbox 857 1269 885 1338; x_wconf 85' lang='lat' dir='ltr'><strong><em>ip</em></strong></span> <span class='ocrx_word' id='word_1_143' title='bbox 901 1271 958 1320; x_wconf 88' lang='lat' dir='ltr'><strong><em>not.</em></strong></span> <span class='ocrx_word' id='word_1_144' title='bbox 975 1269 997 1320; x_wconf 89' lang='lat' dir='ltr'><strong><em>l.</em></strong></span> <span class='ocrx_word' id='word_1_145' title='bbox 1009 1269 1090 1322; x_wconf 88' lang='lat' dir='ltr'><strong><em>Hanc</em></strong></span> 
     </span>
     <span class='ocr_line' id='line_1_17' title="bbox 73 1339 1089 1405; baseline 0.002 -18"><span class='ocrx_word' id='word_1_146' title='bbox 73 1341 220 1390; x_wconf 89' lang='lat' dir='ltr'><strong><em>sententiam</em></strong></span> <span class='ocrx_word' id='word_1_147' title='bbox 241 1340 408 1405; x_wconf 87' lang='lat' dir='ltr'><strong><em>sequendam</em></strong></span> <span class='ocrx_word' id='word_1_148' title='bbox 424 1339 567 1402; x_wconf 88' lang='lat' dir='ltr'><strong><em>credimus,</em></strong></span> <span class='ocrx_word' id='word_1_149' title='bbox 583 1354 642 1390; x_wconf 90' lang='lat' dir='ltr'><strong><em>cum</em></strong></span> <span class='ocrx_word' id='word_1_150' title='bbox 663 1340 753 1404; x_wconf 79' lang='lat' dir='ltr'><strong><em>agitur</em></strong></span> <span class='ocrx_word' id='word_1_151' title='bbox 774 1340 808 1390; x_wconf 90' lang='lat' dir='ltr'><strong><em>de</em></strong></span> <span class='ocrx_word' id='word_1_152' title='bbox 822 1339 945 1391; x_wconf 83' lang='lat' dir='ltr'><strong><em>absentia</em></strong></span> <span class='ocrx_word' id='word_1_153' title='bbox 960 1341 1089 1402; x_wconf 67' lang='lat' dir='ltr'><strong><em>notabilig</em></strong></span> 
     </span>
     <span class='ocr_line' id='line_1_18' title="bbox 71 1410 1088 1475; baseline 0.005 -18"><span class='ocrx_word' id='word_1_154' title='bbox 71 1421 126 1458; x_wconf 87' lang='lat' dir='ltr'><strong><em>nem</em></strong></span> <span class='ocrx_word' id='word_1_155' title='bbox 138 1425 196 1461; x_wconf 90' lang='lat' dir='ltr'><strong><em>cum</em></strong></span> <span class='ocrx_word' id='word_1_156' title='bbox 206 1412 296 1475; x_wconf 84' lang='lat' dir='ltr'><strong><em>agitur</em></strong></span> <span class='ocrx_word' id='word_1_157' title='bbox 312 1410 345 1462; x_wconf 92' lang='lat' dir='ltr'><strong><em>de</em></strong></span> <span class='ocrx_word' id='word_1_158' title='bbox 359 1411 481 1462; x_wconf 85' lang='lat' dir='ltr'><strong><em>absentia</em></strong></span> <span class='ocrx_word' id='word_1_159' title='bbox 497 1411 531 1462; x_wconf 88' lang='lat' dir='ltr'><strong><em>ad</em></strong></span> <span class='ocrx_word' id='word_1_160' title='bbox 544 1412 626 1462; x_wconf 91' lang='lat' dir='ltr'><strong><em>breve</em></strong></span> <span class='ocrx_word' id='word_1_161' title='bbox 640 1414 759 1474; x_wconf 89' lang='lat' dir='ltr'><strong><em>tempus,</em></strong></span> <span class='ocrx_word' id='word_1_162' title='bbox 777 1425 819 1462; x_wconf 84' lang='lat' dir='ltr'><strong><em>ex.</em></strong></span> <span class='ocrx_word' id='word_1_163' title='bbox 833 1424 873 1475; x_wconf 81' lang='lat' dir='ltr'><strong><em>gr.</em></strong></span> <span class='ocrx_word' id='word_1_164' title='bbox 891 1411 925 1461; x_wconf 91' lang='lat' dir='ltr'><strong><em>ad</em></strong></span> <span class='ocrx_word' id='word_1_165' title='bbox 938 1411 1088 1463; x_wconf 89' lang='lat' dir='ltr'><strong><em>hebdoma-</em></strong></span> 
     </span>
    </p>
   </div>
   <div class='ocr_carea' id='block_1_5' title="bbox 72 1478 1179 1548">
    <p class='ocr_par' dir='ltr' id='par_1_5' title="bbox 72 1478 1179 1548">
     <span class='ocr_line' id='line_1_19' title="bbox 72 1478 1179 1548; baseline 0.005 -19"><span class='ocrx_word' id='word_1_166' title='bbox 72 1479 135 1542; x_wconf 90' lang='lat' dir='ltr'><strong><em>dam,</em></strong></span> <span class='ocrx_word' id='word_1_167' title='bbox 144 1486 187 1532; x_wconf 91' lang='lat' dir='ltr'><strong><em>aut</em></strong></span> <span class='ocrx_word' id='word_1_168' title='bbox 201 1496 334 1545; x_wconf 89' lang='lat' dir='ltr'><strong><em>mensem,</em></strong></span> <span class='ocrx_word' id='word_1_169' title='bbox 350 1495 476 1533; x_wconf 87' lang='lat' dir='ltr'><strong><em>recursus</em></strong></span> <span class='ocrx_word' id='word_1_170' title='bbox 492 1482 526 1532; x_wconf 91' lang='lat' dir='ltr'><strong><em>ed</em></strong></span> <span class='ocrx_word' id='word_1_171' title='bbox 540 1484 644 1548; x_wconf 87' lang='lat' dir='ltr'><strong><em>Papam</em></strong></span> <span class='ocrx_word' id='word_1_172' title='bbox 658 1495 711 1532; x_wconf 94' lang='lat' dir='ltr'><strong><em>non</em></strong></span> <span class='ocrx_word' id='word_1_173' title='bbox 725 1481 834 1533; x_wconf 90' lang='lat' dir='ltr'><strong><em>videtur</em></strong></span> <span class='ocrx_word' id='word_1_174' title='bbox 845 1483 1025 1541; x_wconf 84' lang='lat' dir='ltr'><strong><em>necessarius,</em></strong></span> <span class='ocrx_word' id='word_1_175' title='bbox 1040 1497 1088 1534; x_wconf 86' lang='lat' dir='ltr'><strong><em>ue·</em></strong></span> <span class='ocrx_word' id='word_1_176' title='bbox 1175 1478 1179 1486; x_wconf 89' lang='grc'><strong>’</strong></span> 
     </span>
    </p>
   </div>
   <div class='ocr_carea' id='block_1_6' title="bbox 73 1552 1089 1832">
    <p class='ocr_par' dir='ltr' id='par_1_6' title="bbox 73 1552 1089 1832">
     <span class='ocr_line' id='line_1_20' title="bbox 73 1552 1089 1620; baseline 0.005 -18"><span class='ocrx_word' id='word_1_177' title='bbox 73 1563 117 1614; x_wconf 90' lang='lat' dir='ltr'><strong><em>que</em></strong></span> <span class='ocrx_word' id='word_1_178' title='bbox 129 1559 289 1618; x_wconf 84' lang='lat' dir='ltr'><strong><em>praeceptus,</em></strong></span> <span class='ocrx_word' id='word_1_179' title='bbox 305 1553 368 1617; x_wconf 88' lang='lat' dir='ltr'><strong><em>quia</em></strong></span> <span class='ocrx_word' id='word_1_180' title='bbox 383 1567 416 1604; x_wconf 83' lang='lat' dir='ltr'><strong><em>ex</em></strong></span> <span class='ocrx_word' id='word_1_181' title='bbox 436 1553 496 1620; x_wconf 91' lang='lat' dir='ltr'><strong><em>ipso</em></strong></span> <span class='ocrx_word' id='word_1_182' title='bbox 515 1554 672 1604; x_wconf 84' lang='lat' dir='ltr'><strong><em>Tridentino</em></strong></span> <span class='ocrx_word' id='word_1_183' title='bbox 691 1552 739 1618; x_wconf 87' lang='lat' dir='ltr'><strong><em>qai</em></strong></span> <span class='ocrx_word' id='word_1_184' title='bbox 760 1552 958 1618; x_wconf 82' lang='lat' dir='ltr'><strong><em>aliquantisper</em></strong></span> <span class='ocrx_word' id='word_1_185' title='bbox 980 1557 1089 1607; x_wconf 83' lang='lat' dir='ltr'><strong><em>tamtam</em></strong></span> 
     </span>
     <span class='ocr_line' id='line_1_21' title="bbox 73 1623 1087 1686; baseline 0.005 -14"><span class='ocrx_word' id='word_1_186' title='bbox 73 1623 164 1686; x_wconf 79' lang='lat' dir='ltr'><strong><em>abeant,</em></strong></span> <span class='ocrx_word' id='word_1_187' title='bbox 174 1639 207 1676; x_wconf 83' lang='lat' dir='ltr'><strong><em>ec</em></strong></span> <span class='ocrx_word' id='word_1_188' title='bbox 215 1627 338 1677; x_wconf 73' lang='lat' dir='ltr'><strong><em>veteram</em></strong></span> <span class='ocrx_word' id='word_1_189' title='bbox 350 1638 485 1676; x_wconf 83' lang='lat' dir='ltr'><strong><em>cononum</em></strong></span> <span class='ocrx_word' id='word_1_190' title='bbox 494 1625 627 1678; x_wconf 79' lang='lat' dir='ltr'><strong><em>sortientia</em></strong></span> <span class='ocrx_word' id='word_1_191' title='bbox 637 1637 691 1676; x_wconf 85' lang='lat' dir='ltr'><strong><em>aon</em></strong></span> <span class='ocrx_word' id='word_1_192' title='bbox 705 1623 834 1678; x_wconf 81' lang='lat' dir='ltr'><strong><em>videatur</em></strong></span> <span class='ocrx_word' id='word_1_193' title='bbox 846 1624 943 1686; x_wconf 86' lang='lat' dir='ltr'><strong><em>abesse,</em></strong></span> <span class='ocrx_word' id='word_1_194' title='bbox 954 1639 1016 1677; x_wconf 87' lang='lat' dir='ltr'><strong><em>cam</em></strong></span> <span class='ocrx_word' id='word_1_195' title='bbox 1029 1629 1087 1678; x_wconf 90' lang='lat' dir='ltr'><strong><em>sta-</em></strong></span> 
     </span>
     <span class='ocr_line' id='line_1_22' title="bbox 74 1694 1086 1760; baseline 0.004 -17"><span class='ocrx_word' id='word_1_196' title='bbox 74 1694 116 1746; x_wconf 87' lang='lat' dir='ltr'><strong><em>tim</em></strong></span> <span class='ocrx_word' id='word_1_197' title='bbox 130 1695 181 1749; x_wconf 82' lang='lat' dir='ltr'><strong><em>siat</em></strong></span> <span class='ocrx_word' id='word_1_198' title='bbox 194 1696 341 1748; x_wconf 80' lang='lat' dir='ltr'><strong><em>reversari.</em></strong></span> <span class='ocrx_word' id='word_1_199' title='bbox 361 1696 435 1746; x_wconf 80' lang='lat' dir='ltr'><strong><em>Trid.</em></strong></span> <span class='ocrx_word' id='word_1_200' title='bbox 451 1695 516 1746; x_wconf 89' lang='lat' dir='ltr'><strong><em>ibid.</em></strong></span> <span class='ocrx_word' id='word_1_201' title='bbox 530 1722 561 1732; x_wconf 89' lang='lat'><em>-</em></span> <span class='ocrx_word' id='word_1_202' title='bbox 575 1697 611 1760; x_wconf 86' lang='lat' dir='ltr'><strong><em>(l)</em></strong></span> <span class='ocrx_word' id='word_1_203' title='bbox 625 1697 717 1746; x_wconf 81' lang='lat' dir='ltr'><strong><em>Poenae</em></strong></span> <span class='ocrx_word' id='word_1_204' title='bbox 731 1709 785 1746; x_wconf 92' lang='lat' dir='ltr'><strong><em>non</em></strong></span> <span class='ocrx_word' id='word_1_205' title='bbox 803 1695 978 1748; x_wconf 88' lang='lat' dir='ltr'><strong><em>residentium</em></strong></span> <span class='ocrx_word' id='word_1_206' title='bbox 1000 1697 1086 1747; x_wconf 91' lang='lat' dir='ltr'><strong><em>consi·</em></strong></span> 
     </span>
     <span class='ocr_line' id='line_1_23' title="bbox 73 1765 1085 1832; baseline 0.005 -19"><span class='ocrx_word' id='word_1_207' title='bbox 73 1769 137 1816; x_wconf 89' lang='lat' dir='ltr'><strong><em>stunt</em></strong></span> <span class='ocrx_word' id='word_1_208' title='bbox 156 1767 296 1831; x_wconf 89' lang='lat' dir='ltr'><strong><em>presertim</em></strong></span> <span class='ocrx_word' id='word_1_209' title='bbox 312 1767 341 1816; x_wconf 91' lang='lat' dir='ltr'><strong><em>in</em></strong></span> <span class='ocrx_word' id='word_1_210' title='bbox 357 1767 521 1831; x_wconf 86' lang='lat' dir='ltr'><strong><em>quibusdam</em></strong></span> <span class='ocrx_word' id='word_1_211' title='bbox 537 1767 743 1832; x_wconf 82' lang='lat' dir='ltr'><strong><em>privationibus,</em></strong></span> <span class='ocrx_word' id='word_1_212' title='bbox 764 1766 852 1832; x_wconf 84' lang='lat' dir='ltr'><strong><em>qualis</em></strong></span> <span class='ocrx_word' id='word_1_213' title='bbox 865 1772 918 1817; x_wconf 89' lang='lat' dir='ltr'><strong><em>est:</em></strong></span> <span class='ocrx_word' id='word_1_214' title='bbox 934 1767 958 1817; x_wconf 89' lang='lat' dir='ltr'><strong><em>l·</em></strong></span> <span class='ocrx_word' id='word_1_215' title='bbox 969 1765 1085 1832; x_wconf 81' lang='lat' dir='ltr'><strong><em>privatio</em></strong></span> 
     </span>
    </p>
   </div>
   <div class='ocr_carea' id='block_1_7' title="bbox 73 1835 1173 1906">
    <p class='ocr_par' dir='ltr' id='par_1_7' title="bbox 73 1835 1173 1906">
     <span class='ocr_line' id='line_1_24' title="bbox 73 1835 1173 1906; baseline 0.007 -22"><span class='ocrx_word' id='word_1_216' title='bbox 73 1835 194 1889; x_wconf 86' lang='lat' dir='ltr'><strong><em>tractuum</em></strong></span> <span class='ocrx_word' id='word_1_217' title='bbox 207 1839 388 1903; x_wconf 80' lang='lat' dir='ltr'><strong><em>Episcopatus</em></strong></span> <span class='ocrx_word' id='word_1_218' title='bbox 408 1852 458 1903; x_wconf 92' lang='lat' dir='ltr'><strong><em>pro</em></strong></span> <span class='ocrx_word' id='word_1_219' title='bbox 476 1840 535 1889; x_wconf 86' lang='lat' dir='ltr'><strong><em>rata</em></strong></span> <span class='ocrx_word' id='word_1_220' title='bbox 555 1837 685 1906; x_wconf 77' lang='lat' dir='ltr'><strong><em>temporis</em></strong></span> <span class='ocrx_word' id='word_1_221' title='bbox 707 1837 847 1888; x_wconf 84' lang='lat' dir='ltr'><strong><em>absentiae.</em></strong></span> <span class='ocrx_word' id='word_1_222' title='bbox 863 1838 937 1888; x_wconf 82' lang='lat' dir='ltr'><strong><em>Trid.</em></strong></span> <span class='ocrx_word' id='word_1_223' title='bbox 959 1851 1026 1890; x_wconf 88' lang='lat' dir='ltr'><strong><em>sess.</em></strong></span> <span class='ocrx_word' id='word_1_224' title='bbox 1046 1837 1087 1902; x_wconf 79' lang='lat'><strong><em>23,</em></strong></span> <span class='ocrx_word' id='word_1_225' title='bbox 1170 1886 1173 1892; x_wconf 35' lang='lat' dir='ltr'><strong><em>r</em></strong></span> 
     </span>
    </p>
   </div>
   <div class='ocr_carea' id='block_1_8' title="bbox 73 1904 1085 2117">
    <p class='ocr_par' dir='ltr' id='par_1_8' title="bbox 73 1904 1085 2117">
     <span class='ocr_line' id='line_1_25' title="bbox 73 1904 1083 1976; baseline 0.007 -20"><span class='ocrx_word' id='word_1_226' title='bbox 73 1919 92 1956; x_wconf 89' lang='lat' dir='ltr'><strong><em>c.</em></strong></span> <span class='ocrx_word' id='word_1_227' title='bbox 104 1909 124 1968; x_wconf 91' lang='lat' dir='ltr'><strong><em>t,</em></strong></span> <span class='ocrx_word' id='word_1_228' title='bbox 133 1909 164 1960; x_wconf 89' lang='lat' dir='ltr'><strong><em>de</em></strong></span> <span class='ocrx_word' id='word_1_229' title='bbox 173 1910 223 1960; x_wconf 89' lang='lat' dir='ltr'><strong><em>ras.</em></strong></span> <span class='ocrx_word' id='word_1_230' title='bbox 235 1904 415 1960; x_wconf 85' lang='lat' dir='ltr'><strong><em>Nihilominus</em></strong></span> <span class='ocrx_word' id='word_1_231' title='bbox 428 1909 522 1974; x_wconf 91' lang='lat' dir='ltr'><strong><em>plures</em></strong></span> <span class='ocrx_word' id='word_1_232' title='bbox 536 1909 683 1960; x_wconf 83' lang='lat' dir='ltr'><strong><em>moralistae</em></strong></span> <span class='ocrx_word' id='word_1_233' title='bbox 696 1912 831 1970; x_wconf 89' lang='lat' dir='ltr'><strong><em>asserunt,</em></strong></span> <span class='ocrx_word' id='word_1_234' title='bbox 848 1908 989 1960; x_wconf 86' lang='lat' dir='ltr'><strong><em>absentem</em></strong></span> <span class='ocrx_word' id='word_1_235' title='bbox 1002 1923 1083 1976; x_wconf 86' lang='lat' dir='ltr'><strong><em>posse</em></strong></span> 
     </span>
     <span class='ocr_line' id='line_1_26' title="bbox 74 1975 1085 2047; baseline 0.008 -23"><span class='ocrx_word' id='word_1_236' title='bbox 74 1975 96 2026; x_wconf 93' lang='lat' dir='ltr'><strong><em>in</em></strong></span> <span class='ocrx_word' id='word_1_237' title='bbox 108 1981 266 2031; x_wconf 87' lang='lat' dir='ltr'><strong><em>conscientie</em></strong></span> <span class='ocrx_word' id='word_1_238' title='bbox 278 1980 331 2030; x_wconf 88' lang='lat' dir='ltr'><strong><em>sibi</em></strong></span> <span class='ocrx_word' id='word_1_239' title='bbox 347 1981 464 2031; x_wconf 87' lang='lat' dir='ltr'><strong><em>retinere</em></strong></span> <span class='ocrx_word' id='word_1_240' title='bbox 479 1981 586 2031; x_wconf 88' lang='lat' dir='ltr'><strong><em>tertiam</em></strong></span> <span class='ocrx_word' id='word_1_241' title='bbox 600 1985 705 2045; x_wconf 90' lang='lat' dir='ltr'><strong><em>partem</em></strong></span> <span class='ocrx_word' id='word_1_242' title='bbox 723 1985 833 2043; x_wconf 90' lang='lat' dir='ltr'><strong><em>propter</em></strong></span> <span class='ocrx_word' id='word_1_243' title='bbox 845 1979 899 2030; x_wconf 87' lang='lat' dir='ltr'><strong><em>alia</em></strong></span> <span class='ocrx_word' id='word_1_244' title='bbox 912 1981 1007 2030; x_wconf 89' lang='lat' dir='ltr'><strong><em>munia</em></strong></span> <span class='ocrx_word' id='word_1_245' title='bbox 1025 1981 1085 2047; x_wconf 89' lang='lat' dir='ltr'><strong><em>epi·</em></strong></span> 
     </span>
     <span class='ocr_line' id='line_1_27' title="bbox 74 2049 1085 2117; baseline 0.005 -19"><span class='ocrx_word' id='word_1_246' title='bbox 74 2051 186 2114; x_wconf 78' lang='lat' dir='ltr'><strong><em>seopulis,</em></strong></span> <span class='ocrx_word' id='word_1_247' title='bbox 204 2065 266 2117; x_wconf 80' lang='lat' dir='ltr'><strong><em>qnae</em></strong></span> <span class='ocrx_word' id='word_1_248' title='bbox 280 2051 361 2102; x_wconf 87' lang='lat' dir='ltr'><strong><em>otiam</em></strong></span> <span class='ocrx_word' id='word_1_249' title='bbox 372 2051 400 2100; x_wconf 92' lang='lat' dir='ltr'><strong><em>in</em></strong></span> <span class='ocrx_word' id='word_1_250' title='bbox 412 2051 537 2102; x_wconf 89' lang='lat' dir='ltr'><strong><em>absentia</em></strong></span> <span class='ocrx_word' id='word_1_251' title='bbox 552 2051 691 2114; x_wconf 88' lang='lat' dir='ltr'><strong><em>adimplet.</em></strong></span> <span class='ocrx_word' id='word_1_252' title='bbox 706 2049 833 2102; x_wconf 86' lang='lat' dir='ltr'><strong><em>Giraldus</em></strong></span> <span class='ocrx_word' id='word_1_253' title='bbox 847 2050 881 2100; x_wconf 86' lang='lat' dir='ltr'><strong><em>ad</em></strong></span> <span class='ocrx_word' id='word_1_254' title='bbox 895 2051 922 2100; x_wconf 91' lang='lat' dir='ltr'><strong><em>d.</em></strong></span> <span class='ocrx_word' id='word_1_255' title='bbox 936 2064 994 2116; x_wconf 88' lang='lat' dir='ltr'><strong><em>cap.</em></strong></span> <span class='ocrx_word' id='word_1_256' title='bbox 1009 2051 1085 2104; x_wconf 82' lang='lat' dir='ltr'><strong><em>Trid.</em></strong></span> 
     </span>
    </p>
   </div>
   <div class='ocr_carea' id='block_1_9' title="bbox 73 2117 1172 2188">
    <p class='ocr_par' dir='ltr' id='par_1_9' title="bbox 73 2117 1172 2188">
     <span class='ocr_line' id='line_1_28' title="bbox 73 2117 1172 2188; baseline 0.006 -21"><span class='ocrx_word' id='word_1_257' title='bbox 73 2121 124 2171; x_wconf 86' lang='lat' dir='ltr'><strong><em>nl.</em></strong></span> <span class='ocrx_word' id='word_1_258' title='bbox 134 2122 157 2172; x_wconf 78' lang='grc'><strong><em>2·</em></strong></span> <span class='ocrx_word' id='word_1_259' title='bbox 173 2122 291 2173; x_wconf 85' lang='lat' dir='ltr'><strong><em>Privatio</em></strong></span> <span class='ocrx_word' id='word_1_260' title='bbox 310 2121 445 2172; x_wconf 75' lang='lat' dir='ltr'><strong><em>facultatis</em></strong></span> <span class='ocrx_word' id='word_1_261' title='bbox 457 2121 584 2172; x_wconf 90' lang='lat' dir='ltr'><strong><em>testandi.</em></strong></span> <span class='ocrx_word' id='word_1_262' title='bbox 599 2121 660 2172; x_wconf 91' lang='lat' dir='ltr'><strong><em>Bul.</em></strong></span> <span class='ocrx_word' id='word_1_263' title='bbox 675 2120 711 2174; x_wconf 82' lang='lat' dir='ltr'><strong><em>Im</em></strong></span> <span class='ocrx_word' id='word_1_264' title='bbox 722 2117 856 2182; x_wconf 73' lang='lat' dir='ltr'><strong><em>sperem</em></strong></span> <span class='ocrx_word' id='word_1_265' title='bbox 872 2121 913 2171; x_wconf 90' lang='lat' dir='ltr'><strong><em>Pii</em></strong></span> <span class='ocrx_word' id='word_1_266' title='bbox 927 2121 975 2178; x_wconf 69' lang='lat' dir='ltr'><strong><em>IV,</em></strong></span> <span class='ocrx_word' id='word_1_267' title='bbox 988 2121 1014 2172; x_wconf 82' lang='lat'><strong><em>3·</em></strong></span> <span class='ocrx_word' id='word_1_268' title='bbox 1029 2123 1086 2188; x_wconf 88' lang='lat' dir='ltr'><strong><em>pri·</em></strong></span> <span class='ocrx_word' id='word_1_269' title='bbox 1164 2147 1172 2168; x_wconf 73' lang='lat' dir='ltr'><strong><em>s</em></strong></span> 
     </span>
    </p>
   </div>
   <div class='ocr_carea' id='block_1_10' title="bbox 74 2191 1088 2259">
    <p class='ocr_par' dir='ltr' id='par_1_10' title="bbox 74 2191 1088 2259">
     <span class='ocr_line' id='line_1_29' title="bbox 74 2191 1088 2259; baseline 0.01 -23"><span class='ocrx_word' id='word_1_270' title='bbox 74 2192 129 2242; x_wconf 84' lang='lat' dir='ltr'><strong><em>valio</em></strong></span> <span class='ocrx_word' id='word_1_271' title='bbox 142 2194 236 2258; x_wconf 71' lang='lat' dir='ltr'><strong><em>gratiae</em></strong></span> <span class='ocrx_word' id='word_1_272' title='bbox 252 2191 419 2243; x_wconf 71' lang='lat' dir='ltr'><strong><em>alternative</em></strong></span> <span class='ocrx_word' id='word_1_273' title='bbox 436 2194 464 2242; x_wconf 92' lang='lat' dir='ltr'><strong><em>in</em></strong></span> <span class='ocrx_word' id='word_1_274' title='bbox 481 2193 635 2259; x_wconf 84' lang='lat' dir='ltr'><strong><em>provisione</em></strong></span> <span class='ocrx_word' id='word_1_275' title='bbox 650 2192 844 2244; x_wconf 85' lang='lat' dir='ltr'><strong><em>beneficiorum</em></strong></span> <span class='ocrx_word' id='word_1_276' title='bbox 855 2193 934 2256; x_wconf 87' lang='lat' dir='ltr'><strong><em>juxta</em></strong></span> <span class='ocrx_word' id='word_1_277' title='bbox 953 2192 1088 2257; x_wconf 85' lang='lat' dir='ltr'><strong><em>Regulam</em></strong></span> 
     </span>
    </p>
   </div>
   <div class='ocr_carea' id='block_1_11' title="bbox 72 2251 1179 2332">
    <p class='ocr_par' dir='ltr' id='par_1_11' title="bbox 72 2251 1179 2332">
     <span class='ocr_line' id='line_1_30' title="bbox 72 2251 1179 2332; baseline 0.004 -20"><span class='ocrx_word' id='word_1_278' title='bbox 72 2259 103 2312; x_wconf 86' lang='lat' dir='ltr'><strong><em>IX</em></strong></span> <span class='ocrx_word' id='word_1_279' title='bbox 118 2264 230 2316; x_wconf 86' lang='lat' dir='ltr'><strong><em>Cancell.</em></strong></span> <span class='ocrx_word' id='word_1_280' title='bbox 244 2264 375 2316; x_wconf 90' lang='lat' dir='ltr'><strong><em>Gonzalez</em></strong></span> <span class='ocrx_word' id='word_1_281' title='bbox 395 2263 429 2315; x_wconf 86' lang='lat' dir='ltr'><strong><em>ad</em></strong></span> <span class='ocrx_word' id='word_1_282' title='bbox 448 2263 475 2314; x_wconf 93' lang='lat' dir='ltr'><strong><em>d.</em></strong></span> <span class='ocrx_word' id='word_1_283' title='bbox 491 2277 547 2328; x_wconf 80' lang='lat' dir='ltr'><strong><em>reg.</em></strong></span> <span class='ocrx_word' id='word_1_284' title='bbox 562 2263 575 2328; x_wconf 65' lang='grc' dir='ltr'>ξ</span> <span class='ocrx_word' id='word_1_285' title='bbox 592 2265 616 2317; x_wconf 90' lang='grc'><strong><em>5.</em></strong></span> <span class='ocrx_word' id='word_1_286' title='bbox 628 2273 659 2314; x_wconf 84' lang='lat' dir='ltr'><strong><em>n·</em></strong></span> <span class='ocrx_word' id='word_1_287' title='bbox 678 2265 701 2327; x_wconf 85' lang='grc'><strong><em>3,</em></strong></span> <span class='ocrx_word' id='word_1_288' title='bbox 716 2268 743 2315; x_wconf 89' lang='lat' dir='ltr'><strong><em>et</em></strong></span> <span class='ocrx_word' id='word_1_289' title='bbox 758 2277 834 2330; x_wconf 89' lang='lat' dir='ltr'><strong><em>seqq.</em></strong></span> <span class='ocrx_word' id='word_1_290' title='bbox 855 2264 880 2314; x_wconf 81' lang='lat'><strong><em>4·</em></strong></span> <span class='ocrx_word' id='word_1_291' title='bbox 897 2262 1012 2328; x_wconf 88' lang='lat' dir='ltr'><strong><em>privatio</em></strong></span> <span class='ocrx_word' id='word_1_292' title='bbox 1026 2280 1085 2316; x_wconf 92' lang='lat' dir='ltr'><strong><em>om·</em></strong></span> <span class='ocrx_word' id='word_1_293' title='bbox 1167 2251 1179 2332; x_wconf 45' lang='lat' dir='ltr'><strong><em>J</em></strong></span> 
     </span>
    </p>
   </div>
   <div class='ocr_carea' id='block_1_12' title="bbox 71 2332 1159 2402">
    <p class='ocr_par' dir='ltr' id='par_1_12' title="bbox 71 2332 1159 2402">
     <span class='ocr_line' id='line_1_31' title="bbox 71 2332 1159 2402; baseline 0.008 -21"><span class='ocrx_word' id='word_1_294' title='bbox 71 2332 141 2399; x_wconf 79' lang='lat' dir='ltr'><strong><em>num,</em></strong></span> <span class='ocrx_word' id='word_1_295' title='bbox 155 2341 181 2386; x_wconf 87' lang='lat' dir='ltr'><strong><em>et</em></strong></span> <span class='ocrx_word' id='word_1_296' title='bbox 192 2336 361 2401; x_wconf 76' lang='lat' dir='ltr'><strong><em>singulorum</em></strong></span> <span class='ocrx_word' id='word_1_297' title='bbox 377 2334 591 2399; x_wconf 78' lang='lat' dir='ltr'><strong><em>privilegiorum,</em></strong></span> <span class='ocrx_word' id='word_1_298' title='bbox 609 2340 637 2386; x_wconf 91' lang='lat' dir='ltr'><strong><em>et</em></strong></span> <span class='ocrx_word' id='word_1_299' title='bbox 654 2333 822 2386; x_wconf 88' lang='lat' dir='ltr'><strong><em>indultorum</em></strong></span> <span class='ocrx_word' id='word_1_300' title='bbox 837 2347 894 2399; x_wconf 71' lang='lat' dir='ltr'><strong><em>que</em></strong></span> <span class='ocrx_word' id='word_1_301' title='bbox 908 2333 1002 2398; x_wconf 72' lang='lat' dir='ltr'><strong><em>forsan</em></strong></span> <span class='ocrx_word' id='word_1_302' title='bbox 1015 2335 1083 2402; x_wconf 84' lang='lat' dir='ltr'><strong><em>ipsis</em></strong></span> <span class='ocrx_word' id='word_1_303' title='bbox 1154 2360 1159 2370; x_wconf 82' lang='lat'>=</span> 
     </span>
    </p>
   </div>
   <div class='ocr_carea' id='block_1_13' title="bbox 71 2395 1179 2478">
    <p class='ocr_par' dir='ltr' id='par_1_13' title="bbox 71 2395 1179 2478">
     <span class='ocr_line' id='line_1_32' title="bbox 71 2395 1179 2478; baseline 0.006 -24"><span class='ocrx_word' id='word_1_304' title='bbox 71 2405 197 2471; x_wconf 84' lang='lat' dir='ltr'><strong><em>tamqnam</em></strong></span> <span class='ocrx_word' id='word_1_305' title='bbox 207 2406 350 2472; x_wconf 68' lang='lat' dir='ltr'><strong><em>Pontificio</em></strong></span> <span class='ocrx_word' id='word_1_306' title='bbox 359 2406 424 2458; x_wconf 88' lang='lat' dir='ltr'><strong><em>solio</em></strong></span> <span class='ocrx_word' id='word_1_307' title='bbox 439 2404 756 2468; x_wconf 85' lang='lat' dir='ltr'><strong><em>assistcmibasconcessa</em></strong></span> <span class='ocrx_word' id='word_1_308' title='bbox 767 2405 886 2470; x_wconf 77' lang='lat' dir='ltr'><strong><em>fuerim.</em></strong></span> <span class='ocrx_word' id='word_1_309' title='bbox 896 2403 957 2456; x_wconf 91' lang='lat' dir='ltr'><strong><em>Bul.</em></strong></span> <span class='ocrx_word' id='word_1_310' title='bbox 969 2405 1012 2457; x_wconf 78' lang='lat' dir='ltr'><strong><em>Ad</em></strong></span> <span class='ocrx_word' id='word_1_311' title='bbox 1021 2405 1086 2460; x_wconf 82' lang='lat' dir='ltr'><strong><em>oni·</em></strong></span> <span class='ocrx_word' id='word_1_312' title='bbox 1148 2395 1157 2478; x_wconf 65' lang='lat'><strong><em>‚&#39;</em></strong></span> <span class='ocrx_word' id='word_1_313' title='bbox 1178 2429 1179 2432; x_wconf 40' lang='lat'>¹</span> 
     </span>
    </p>
   </div>
   <div class='ocr_carea' id='block_1_14' title="bbox 70 2476 1117 2542">
    <p class='ocr_par' dir='ltr' id='par_1_14' title="bbox 70 2476 1117 2542">
     <span class='ocr_line' id='line_1_33' title="bbox 70 2476 1117 2542; baseline 0.004 -18"><span class='ocrx_word' id='word_1_314' title='bbox 70 2485 138 2528; x_wconf 80' lang='lat' dir='ltr'><strong><em>nerse</em></strong></span> <span class='ocrx_word' id='word_1_315' title='bbox 150 2478 290 2530; x_wconf 90' lang='lat' dir='ltr'><strong><em>Benedicti</em></strong></span> <span class='ocrx_word' id='word_1_316' title='bbox 309 2478 384 2529; x_wconf 89' lang='lat' dir='ltr'>XIV.</span> <span class='ocrx_word' id='word_1_317' title='bbox 403 2478 520 2542; x_wconf 90' lang='lat' dir='ltr'><strong><em>Insuper</em></strong></span> <span class='ocrx_word' id='word_1_318' title='bbox 532 2477 561 2527; x_wconf 93' lang='lat' dir='ltr'><strong><em>in</em></strong></span> <span class='ocrx_word' id='word_1_319' title='bbox 575 2476 739 2542; x_wconf 89' lang='lat' dir='ltr'><strong><em>quibusdem</em></strong></span> <span class='ocrx_word' id='word_1_320' title='bbox 756 2477 866 2528; x_wconf 90' lang='lat' dir='ltr'><strong><em>casibus</em></strong></span> <span class='ocrx_word' id='word_1_321' title='bbox 881 2476 961 2526; x_wconf 91' lang='lat' dir='ltr'><strong><em>datur</em></strong></span> <span class='ocrx_word' id='word_1_322' title='bbox 974 2477 1085 2530; x_wconf 90' lang='lat' dir='ltr'><strong><em>luterdi-</em></strong></span> <span class='ocrx_word' id='word_1_323' title='bbox 1114 2529 1117 2536; x_wconf 78' lang='grc'>,</span> 
     </span>
    </p>
   </div>
   <div class='ocr_carea' id='block_1_15' title="bbox 70 2543 1170 2686">
    <p class='ocr_par' dir='ltr' id='par_1_15' title="bbox 70 2543 1173 2687">
     <span class='ocr_line' id='line_1_34' title="bbox 71 2543 1170 2614; baseline 0.003 -16"><span class='ocrx_word' id='word_1_324' title='bbox 71 2549 130 2600; x_wconf 73' lang='lat' dir='ltr'><strong><em>dam</em></strong></span> <span class='ocrx_word' id='word_1_325' title='bbox 145 2551 180 2601; x_wconf 87' lang='lat' dir='ltr'><strong><em>ab</em></strong></span> <span class='ocrx_word' id='word_1_326' title='bbox 199 2553 326 2614; x_wconf 79' lang='lat' dir='ltr'><strong><em>ingressu</em></strong></span> <span class='ocrx_word' id='word_1_327' title='bbox 340 2549 367 2600; x_wconf 89' lang='lat' dir='ltr'><strong><em>in</em></strong></span> <span class='ocrx_word' id='word_1_328' title='bbox 385 2549 576 2612; x_wconf 73' lang='lat' dir='ltr'><strong><em>Ecclesiama</em></strong></span> <span class='ocrx_word' id='word_1_329' title='bbox 593 2562 647 2614; x_wconf 92' lang='lat' dir='ltr'><strong><em>quo</em></strong></span> <span class='ocrx_word' id='word_1_330' title='bbox 665 2548 738 2600; x_wconf 91' lang='lat' dir='ltr'><strong><em>solus</em></strong></span> <span class='ocrx_word' id='word_1_331' title='bbox 752 2550 828 2614; x_wconf 88' lang='lat' dir='ltr'><strong><em>Papa</em></strong></span> <span class='ocrx_word' id='word_1_332' title='bbox 842 2547 990 2613; x_wconf 89' lang='lat' dir='ltr'><strong><em>dispensat,</em></strong></span> <span class='ocrx_word' id='word_1_333' title='bbox 1003 2563 1086 2612; x_wconf 87' lang='lat' dir='ltr'><strong><em>quam</em></strong></span> <span class='ocrx_word' id='word_1_334' title='bbox 1158 2543 1170 2564; x_wconf 80' lang='lat'><strong><em>‘&#39;</em></strong></span> 
     </span>
     <span class='ocr_line' id='line_1_35' title="bbox 70 2617 1085 2686; baseline 0.004 -18"><span class='ocrx_word' id='word_1_335' title='bbox 70 2629 164 2679; x_wconf 84' lang='lat' dir='ltr'><strong><em>penam</em></strong></span> <span class='ocrx_word' id='word_1_336' title='bbox 181 2621 242 2686; x_wconf 91' lang='lat' dir='ltr'><strong><em>ipso</em></strong></span> <span class='ocrx_word' id='word_1_337' title='bbox 264 2621 334 2672; x_wconf 83' lang='lat' dir='ltr'><strong><em>teoto</em></strong></span> <span class='ocrx_word' id='word_1_338' title='bbox 360 2620 474 2672; x_wconf 89' lang='lat' dir='ltr'><strong><em>incurrit</em></strong></span> <span class='ocrx_word' id='word_1_339' title='bbox 493 2618 725 2685; x_wconf 87' lang='lat' dir='ltr'><strong><em>Metropolitanus,</em></strong></span> <span class='ocrx_word' id='word_1_340' title='bbox 743 2623 770 2670; x_wconf 88' lang='lat' dir='ltr'><strong><em>et</em></strong></span> <span class='ocrx_word' id='word_1_341' title='bbox 790 2617 926 2684; x_wconf 87' lang='lat' dir='ltr'><strong><em>antiquior</em></strong></span> <span class='ocrx_word' id='word_1_342' title='bbox 938 2619 1085 2683; x_wconf 81' lang='lat' dir='ltr'><strong><em>provinciae</em></strong></span> 
     </span>
    </p>
   </div>
   <div class='ocr_carea' id='block_1_16' title="bbox 70 2687 1085 2898">
    <p class='ocr_par' dir='ltr' id='par_1_16' title="bbox 70 2687 1085 2898">
     <span class='ocr_line' id='line_1_36' title="bbox 70 2687 1085 2758; baseline 0.006 -22"><span class='ocrx_word' id='word_1_343' title='bbox 70 2687 215 2758; x_wconf 73' lang='lat' dir='ltr'><strong><em>Episcopus,</em></strong></span> <span class='ocrx_word' id='word_1_344' title='bbox 229 2691 253 2742; x_wconf 93' lang='lat' dir='ltr'><strong><em>si</em></strong></span> <span class='ocrx_word' id='word_1_345' title='bbox 268 2691 314 2742; x_wconf 87' lang='lat' dir='ltr'><strong><em>ill&#39;e</em></strong></span> <span class='ocrx_word' id='word_1_346' title='bbox 328 2692 400 2742; x_wconf 89' lang='lat' dir='ltr'><strong><em>intra</em></strong></span> <span class='ocrx_word' id='word_1_347' title='bbox 410 2694 467 2742; x_wconf 87' lang='lat' dir='ltr'><strong><em>tres</em></strong></span> <span class='ocrx_word' id='word_1_348' title='bbox 476 2703 584 2742; x_wconf 89' lang='lat' dir='ltr'><strong><em>mensas</em></strong></span> <span class='ocrx_word' id='word_1_349' title='bbox 597 2704 652 2742; x_wconf 91' lang='lat' dir='ltr'><strong><em>non</em></strong></span> <span class='ocrx_word' id='word_1_350' title='bbox 667 2691 810 2742; x_wconf 89' lang='lat' dir='ltr'><strong><em>denunciet</em></strong></span> <span class='ocrx_word' id='word_1_351' title='bbox 820 2690 848 2741; x_wconf 85' lang='lat' dir='ltr'><strong><em>S.</em></strong></span> <span class='ocrx_word' id='word_1_352' title='bbox 859 2687 922 2740; x_wconf 85' lang='lat' dir='ltr'><strong><em>sedi</em></strong></span> <span class='ocrx_word' id='word_1_353' title='bbox 932 2689 1085 2742; x_wconf 88' lang='lat' dir='ltr'><strong><em>absentiam</em></strong></span> 
     </span>
     <span class='ocr_line' id='line_1_37' title="bbox 71 2756 1084 2827; baseline 0.007 -20"><span class='ocrx_word' id='word_1_354' title='bbox 71 2759 297 2827; x_wconf 80' lang='lat' dir='ltr'><strong><em>suffraganeorum,</em></strong></span> <span class='ocrx_word' id='word_1_355' title='bbox 312 2765 340 2813; x_wconf 88' lang='lat' dir='ltr'><strong><em>et</em></strong></span> <span class='ocrx_word' id='word_1_356' title='bbox 362 2762 414 2812; x_wconf 90' lang='lat' dir='ltr'><strong><em>iste</em></strong></span> <span class='ocrx_word' id='word_1_357' title='bbox 436 2761 588 2813; x_wconf 90' lang='lat' dir='ltr'><strong><em>absentiam</em></strong></span> <span class='ocrx_word' id='word_1_358' title='bbox 612 2761 822 2826; x_wconf 86' lang='lat' dir='ltr'><strong><em>Metropolitani.</em></strong></span> <span class='ocrx_word' id='word_1_359' title='bbox 846 2759 907 2811; x_wconf 88' lang='lat' dir='ltr'><strong><em>Bul.</em></strong></span> <span class='ocrx_word' id='word_1_360' title='bbox 932 2757 967 2812; x_wconf 84' lang='lat' dir='ltr'><strong><em>Dc</em></strong></span> <span class='ocrx_word' id='word_1_361' title='bbox 990 2756 1084 2814; x_wconf 81' lang='lat' dir='ltr'><strong><em>Salate</em></strong></span> 
     </span>
     <span class='ocr_line' id='line_1_38' title="bbox 71 2828 1081 2898; baseline 0.006 -20"><span class='ocrx_word' id='word_1_362' title='bbox 71 2828 157 2895; x_wconf 82' lang='lat' dir='ltr'><strong><em>PlilV;</em></strong></span> <span class='ocrx_word' id='word_1_363' title='bbox 171 2834 228 2885; x_wconf 89' lang='lat' dir='ltr'><strong><em>bul.</em></strong></span> <span class='ocrx_word' id='word_1_364' title='bbox 240 2829 342 2886; x_wconf 83' lang='lat' dir='ltr'><strong><em>Sancta</em></strong></span> <span class='ocrx_word' id='word_1_365' title='bbox 351 2828 474 2898; x_wconf 69' lang='lat' dir='ltr'><strong><em>Soandos</em></strong></span> <span class='ocrx_word' id='word_1_366' title='bbox 487 2832 593 2884; x_wconf 89' lang='lat' dir='ltr'><strong><em>Urbani</em></strong></span> <span class='ocrx_word' id='word_1_367' title='bbox 602 2832 678 2889; x_wconf 87' lang='lat' dir='ltr'>VIII.</span> <span class='ocrx_word' id='word_1_368' title='bbox 686 2832 795 2884; x_wconf 84' lang='lat' dir='ltr'><strong><em>etTrid.</em></strong></span> <span class='ocrx_word' id='word_1_369' title='bbox 807 2845 875 2884; x_wconf 87' lang='lat' dir='ltr'><strong><em>sess.</em></strong></span> <span class='ocrx_word' id='word_1_370' title='bbox 886 2829 910 2894; x_wconf 83' lang='grc'><strong><em>6,</em></strong></span> <span class='ocrx_word' id='word_1_371' title='bbox 922 2844 945 2884; x_wconf 86' lang='lat' dir='ltr'><strong><em>e.</em></strong></span> <span class='ocrx_word' id='word_1_372' title='bbox 957 2830 979 2895; x_wconf 90' lang='lat'><strong><em>1,</em></strong></span> <span class='ocrx_word' id='word_1_373' title='bbox 990 2831 1023 2884; x_wconf 91' lang='lat' dir='ltr'><strong><em>de</em></strong></span> <span class='ocrx_word' id='word_1_374' title='bbox 1033 2835 1081 2886; x_wconf 85' lang='lat' dir='ltr'><strong><em>rei.</em></strong></span> 
     </span>
    </p>
   </div>
   <div class='ocr_carea' id='block_1_17' title="bbox 71 2900 890 2972">
    <p class='ocr_par' dir='ltr' id='par_1_17' title="bbox 71 2900 890 2972">
     <span class='ocr_line' id='line_1_39' title="bbox 71 2900 890 2972; baseline 0.004 -22"><span class='ocrx_word' id='word_1_375' title='bbox 71 2900 129 2954; x_wconf 77' lang='lat' dir='ltr'><strong><em>Alie</em></strong></span> <span class='ocrx_word' id='word_1_376' title='bbox 142 2919 248 2972; x_wconf 91' lang='lat' dir='ltr'><strong><em>quoque</em></strong></span> <span class='ocrx_word' id='word_1_377' title='bbox 258 2905 357 2955; x_wconf 92' lang='lat' dir='ltr'><strong><em>dantur</em></strong></span> <span class='ocrx_word' id='word_1_378' title='bbox 369 2917 467 2970; x_wconf 80' lang='lat' dir='ltr'><strong><em>poenae,</em></strong></span> <span class='ocrx_word' id='word_1_379' title='bbox 482 2908 513 2956; x_wconf 93' lang='lat' dir='ltr'><strong><em>ut</em></strong></span> <span class='ocrx_word' id='word_1_380' title='bbox 530 2904 606 2969; x_wconf 88' lang='lat' dir='ltr'><strong><em>patet</em></strong></span> <span class='ocrx_word' id='word_1_381' title='bbox 621 2917 654 2955; x_wconf 84' lang='lat' dir='ltr'><strong><em>ex</em></strong></span> <span class='ocrx_word' id='word_1_382' title='bbox 671 2903 760 2956; x_wconf 88' lang='lat' dir='ltr'><strong><em>citatis</em></strong></span> <span class='ocrx_word' id='word_1_383' title='bbox 770 2903 890 2970; x_wconf 88' lang='lat' dir='ltr'><strong><em>juribus.</em></strong></span> 
     </span>
    </p>
   </div>
   <div class='ocr_carea' id='block_1_18' title="bbox 70 3060 1082 3496">
    <p class='ocr_par' dir='ltr' id='par_1_18' title="bbox 70 3060 1082 3496">
     <span class='ocr_line' id='line_1_40' title="bbox 99 3060 1080 3140; baseline 0.003 -20"><span class='ocrx_word' id='word_1_384' title='bbox 99 3066 152 3122; x_wconf 78' lang='lat'>153.</span> <span class='ocrx_word' id='word_1_385' title='bbox 166 3062 315 3136; x_wconf 87' lang='lat' dir='ltr'><strong><em>Secundo,</em></strong></span> <span class='ocrx_word' id='word_1_386' title='bbox 324 3067 462 3123; x_wconf 89' lang='lat' dir='ltr'><strong><em>tenentur</em></strong></span> <span class='ocrx_word' id='word_1_387' title='bbox 476 3066 545 3121; x_wconf 85' lang='lat' dir='ltr'><strong><em>lesu</em></strong></span> <span class='ocrx_word' id='word_1_388' title='bbox 558 3060 664 3121; x_wconf 83' lang='lat' dir='ltr'><strong><em>Christi</em></strong></span> <span class='ocrx_word' id='word_1_389' title='bbox 677 3062 867 3138; x_wconf 79' lang='lat' dir='ltr'><strong><em>Evangelium</em></strong></span> <span class='ocrx_word' id='word_1_390' title='bbox 881 3063 992 3140; x_wconf 91' lang='lat' dir='ltr'><strong><em>populo</em></strong></span> <span class='ocrx_word' id='word_1_391' title='bbox 1004 3079 1080 3124; x_wconf 87' lang='lat' dir='ltr'><strong><em>nnn-</em></strong></span> 
     </span>
     <span class='ocr_line' id='line_1_41' title="bbox 72 3147 1082 3229; baseline 0.003 -21"><span class='ocrx_word' id='word_1_392' title='bbox 72 3147 137 3211; x_wconf 87' lang='lat' dir='ltr'><strong><em>eiare</em></strong></span> <span class='ocrx_word' id='word_1_393' title='bbox 150 3169 203 3228; x_wconf 90' lang='lat' dir='ltr'><strong><em>per</em></strong></span> <span class='ocrx_word' id='word_1_394' title='bbox 219 3169 252 3212; x_wconf 87' lang='lat' dir='ltr'><strong><em>se</em></strong></span> <span class='ocrx_word' id='word_1_395' title='bbox 264 3152 358 3227; x_wconf 89' lang='lat' dir='ltr'><strong><em>ipsos,</em></strong></span> <span class='ocrx_word' id='word_1_396' title='bbox 373 3151 398 3212; x_wconf 89' lang='lat' dir='ltr'><strong><em>si</em></strong></span> <span class='ocrx_word' id='word_1_397' title='bbox 410 3151 543 3228; x_wconf 86' lang='lat' dir='ltr'><strong><em>impediti</em></strong></span> <span class='ocrx_word' id='word_1_398' title='bbox 558 3168 618 3211; x_wconf 91' lang='lat' dir='ltr'><strong><em>non</em></strong></span> <span class='ocrx_word' id='word_1_399' title='bbox 633 3149 701 3224; x_wconf 89' lang='lat' dir='ltr'><strong><em>sint,</em></strong></span> <span class='ocrx_word' id='word_1_400' title='bbox 715 3153 763 3212; x_wconf 80' lang='lat' dir='ltr'><strong><em>vel</em></strong></span> <span class='ocrx_word' id='word_1_401' title='bbox 776 3151 801 3211; x_wconf 91' lang='lat' dir='ltr'><strong><em>si</em></strong></span> <span class='ocrx_word' id='word_1_402' title='bbox 814 3151 854 3212; x_wconf 89' lang='lat' dir='ltr'><strong><em>ita</em></strong></span> <span class='ocrx_word' id='word_1_403' title='bbox 867 3151 926 3213; x_wconf 91' lang='lat' dir='ltr'><strong><em>sint</em></strong></span> <span class='ocrx_word' id='word_1_404' title='bbox 938 3153 1082 3229; x_wconf 89' lang='lat' dir='ltr'><strong><em>impediti,</em></strong></span> 
     </span>
     <span class='ocr_line' id='line_1_42' title="bbox 72 3239 1082 3318; baseline 0.008 -24"><span class='ocrx_word' id='word_1_405' title='bbox 72 3239 160 3300; x_wconf 87' lang='lat' dir='ltr'><strong><em>saltem</em></strong></span> <span class='ocrx_word' id='word_1_406' title='bbox 174 3258 228 3317; x_wconf 89' lang='lat' dir='ltr'><strong><em>per</em></strong></span> <span class='ocrx_word' id='word_1_407' title='bbox 241 3241 367 3301; x_wconf 89' lang='lat' dir='ltr'><strong><em>idoneos</em></strong></span> <span class='ocrx_word' id='word_1_408' title='bbox 380 3241 477 3314; x_wconf 74' lang='lat' dir='ltr'><strong><em>viros,</em></strong></span> <span class='ocrx_word' id='word_1_409' title='bbox 492 3241 574 3317; x_wconf 93' lang='lat' dir='ltr'><strong><em>quod</em></strong></span> <span class='ocrx_word' id='word_1_410' title='bbox 596 3241 717 3318; x_wconf 89' lang='lat' dir='ltr'><strong><em>quidem</em></strong></span> <span class='ocrx_word' id='word_1_411' title='bbox 730 3257 839 3301; x_wconf 88' lang='lat' dir='ltr'><strong><em>munus</em></strong></span> <span class='ocrx_word' id='word_1_412' title='bbox 856 3240 964 3301; x_wconf 88' lang='lat' dir='ltr'><strong><em>dieitur</em></strong></span> <span class='ocrx_word' id='word_1_413' title='bbox 975 3240 1082 3318; x_wconf 87' lang='lat' dir='ltr'><strong><em>praeei-</em></strong></span> 
     </span>
     <span class='ocr_line' id='line_1_43' title="bbox 70 3329 1081 3408; baseline 0.006 -24"><span class='ocrx_word' id='word_1_414' title='bbox 70 3339 148 3399; x_wconf 86' lang='lat' dir='ltr'><strong><em>paam</em></strong></span> <span class='ocrx_word' id='word_1_415' title='bbox 171 3329 396 3407; x_wconf 85' lang='lat' dir='ltr'><strong><em>Episcopornm,</em></strong></span> <span class='ocrx_word' id='word_1_416' title='bbox 419 3347 480 3406; x_wconf 90' lang='lat' dir='ltr'><strong><em>quo</em></strong></span> <span class='ocrx_word' id='word_1_417' title='bbox 496 3347 558 3389; x_wconf 91' lang='lat' dir='ltr'><strong><em>non</em></strong></span> <span class='ocrx_word' id='word_1_418' title='bbox 578 3331 749 3406; x_wconf 92' lang='lat' dir='ltr'><strong><em>adimpleto,</em></strong></span> <span class='ocrx_word' id='word_1_419' title='bbox 769 3329 910 3390; x_wconf 88' lang='lat' dir='ltr'><strong><em>districtae</em></strong></span> <span class='ocrx_word' id='word_1_420' title='bbox 925 3330 1081 3408; x_wconf 84' lang='lat' dir='ltr'><strong><em>subjacent</em></strong></span> 
     </span>
     <span class='ocr_line' id='line_1_44' title="bbox 71 3415 907 3496; baseline 0.006 -23"><span class='ocrx_word' id='word_1_421' title='bbox 71 3415 169 3492; x_wconf 88' lang='lat' dir='ltr'><strong><em>ultioni,</em></strong></span> <span class='ocrx_word' id='word_1_422' title='bbox 182 3426 214 3479; x_wconf 91' lang='lat' dir='ltr'><strong><em>ut</em></strong></span> <span class='ocrx_word' id='word_1_423' title='bbox 226 3419 356 3496; x_wconf 86' lang='lat' dir='ltr'><strong><em>graviter</em></strong></span> <span class='ocrx_word' id='word_1_424' title='bbox 365 3420 557 3480; x_wconf 84' lang='lat' dir='ltr'><strong><em>sanciverunt</em></strong></span> <span class='ocrx_word' id='word_1_425' title='bbox 570 3419 731 3479; x_wconf 79' lang='lat' dir='ltr'><strong><em>Tridentini</em></strong></span> <span class='ocrx_word' id='word_1_426' title='bbox 744 3424 847 3479; x_wconf 89' lang='lat' dir='ltr'><strong><em>Patres</em></strong></span> <span class='ocrx_word' id='word_1_427' title='bbox 855 3421 907 3491; x_wconf 89' lang='lat' dir='ltr'><strong><em>(l).</em></strong></span> 
     </span>
    </p>
   </div>
   <div class='ocr_carea' id='block_1_19' title="bbox 97 3535 1077 3608">
    <p class='ocr_par' dir='ltr' id='par_1_19' title="bbox 97 3535 1077 3608">
     <span class='ocr_line' id='line_1_45' title="bbox 97 3535 1077 3608; baseline -0.002 -17"><span class='ocrx_word' id='word_1_428' title='bbox 97 3535 129 3602; x_wconf 84' lang='lat' dir='ltr'><strong><em>tl)</em></strong></span> <span class='ocrx_word' id='word_1_429' title='bbox 140 3538 210 3592; x_wconf 77' lang='lat' dir='ltr'><strong><em>Sese.</em></strong></span> <span class='ocrx_word' id='word_1_430' title='bbox 225 3542 248 3605; x_wconf 83' lang='lat'><strong><em>5,</em></strong></span> <span class='ocrx_word' id='word_1_431' title='bbox 263 3553 287 3593; x_wconf 90' lang='lat' dir='ltr'><strong><em>e.</em></strong></span> <span class='ocrx_word' id='word_1_432' title='bbox 301 3541 326 3607; x_wconf 80' lang='lat' dir='ltr'><strong><em>t,</em></strong></span> <span class='ocrx_word' id='word_1_433' title='bbox 344 3541 378 3594; x_wconf 92' lang='lat' dir='ltr'><strong><em>de</em></strong></span> <span class='ocrx_word' id='word_1_434' title='bbox 391 3541 441 3594; x_wconf 77' lang='lat' dir='ltr'><strong><em>rei·</em></strong></span> <span class='ocrx_word' id='word_1_435' title='bbox 457 3541 515 3594; x_wconf 87' lang='lat' dir='ltr'><strong><em>lloc</em></strong></span> <span class='ocrx_word' id='word_1_436' title='bbox 536 3554 636 3594; x_wconf 89' lang='lat' dir='ltr'><strong><em>munus</em></strong></span> <span class='ocrx_word' id='word_1_437' title='bbox 655 3541 722 3594; x_wconf 90' lang='lat' dir='ltr'><strong><em>adeo</em></strong></span> <span class='ocrx_word' id='word_1_438' title='bbox 736 3540 877 3608; x_wconf 90' lang='lat' dir='ltr'><strong><em>proprium</em></strong></span> <span class='ocrx_word' id='word_1_439' title='bbox 896 3543 938 3593; x_wconf 87' lang='lat' dir='ltr'><strong><em>est</em></strong></span> <span class='ocrx_word' id='word_1_440' title='bbox 950 3539 1077 3608; x_wconf 90' lang='lat' dir='ltr'><strong><em>episcopi,</em></strong></span> 
     </span>
    </p>
   </div>
   <div class='ocr_carea' id='block_1_20' title="bbox 0 0 1239 4090">
    <p class='ocr_par' dir='ltr' id='par_1_20' title="bbox 0 0 1239 4090">
     <span class='ocr_line' id='line_1_46' title="bbox 0 0 1239 4090; baseline 0 0"><span class='ocrx_word' id='word_1_441' title='bbox 0 0 1239 4090; x_wconf 95' lang='lat' dir='ltr'><strong><em> </em></strong></span> 
     </span>
    </p>
   </div>
  </div>
 </body>
</html>
