2566 4102
486 154 642 253 „43-

104 315 134 378 (1)
148 316 266 381 Phillips.
281 317 309 368 d.
324 317 402 385 1:08
422 321 449 370 61
464 331 538 384 seqq.
557 317 638 384 -(1)
656 317 752 370 Ganos.
775 317 813 369 17.
833 344 860 355 -
888 313 925 382 (3)
937 315 1020 369 Elxod.
1041 317 1081 368 13.
1164 273 1166 279 Ι
1250 335 1251 372 l

82 416 104 424 -
118 388 266 452 (ilbenter.
279 389 316 441 17.
336 418 364 427 -
382 390 417 455 (5)
432 389 460 440 S:
471 390 559 441 Lucas
570 389 591 439 1.
605 417 638 427 -
651 387 682 454 (6)
697 389 826 441 Danieli.
839 417 867 428 -
883 387 919 454 (7)
936 388 1045 454 Apocal.
1060 388 1082 439 1.

107 551 145 607 13.
160 547 232 608 llihil
254 548 398 609 Ecclesiae
424 549 577 609 catholioae
602 548 697 623 deest,
720 554 753 608 ut
771 563 877 609 veriam
895 549 933 608 sit
946 563 1083 624 regnum.

79 636 158 696 Habet
174 653 324 698 summum
342 637 501 712 imperimn
515 638 570 698 sibi
591 638 756 714 proprium,
781 644 811 698 et
829 638 867 697 ab
888 637 946 698 alio
966 635 1087 718 omnino

79 723 281 800 independens3
296 742 366 786 nam
381 727 497 787 Christo
513 729 582 787 data
603 725 657 786 luit
681 727 779 787 omnis
791 735 917 803 potestas
931 727 965 786 ia
978 727 1045 787 roelo
1060 733 1087 786 et

52 852 54 857 -
80 813 106 870 16
118 820 192 873 tare
206 819 258 888 (1),
272 822 299 874 et
315 815 557 891 omaejadicium
566 819 617 890 (2).
636 821 702 890 lpse
714 833 786 875 vero
802 814 934 876 christus
947 817 1024 875 hanc
1037 832 1088 891 po

80 907 211 976 testatem,
240 910 271 964 et
290 905 435 980 judicium
454 905 556 965 tribuit
570 905 707 965 Ecclesiae
722 922 797 972 suae,
810 921 879 965 cnm
893 904 967 964 dixit
983 925 989 964 :
1005 904 1089 964 Sicut

81 992 498 1070 61611616Ρ6166,61696661116
512 1012 561 1055 vos
572 999 624 1068 (3),
635 1000 665 1054 et
674 1010 743 1054 eum
750 993 824 1055 dixit
834 1000 935 1054 Petro:
949 995 1007 1053 libi
1017 993 1089 1052 dabo

81 1079 158 1138 616666
170 1083 255 1156 rauel
277 1082 427 1156 66616666,
448 1091 478 1142 61
491 1084 692 1159 quodcumque
708 1083 842 1158 11966616
866 1099 955 1158 super
977 1091 1090 1142 terram

59 1195 61 1204 =
82 1169 125 1226 orit
144 1169 268 1244 liquatum
289 1171 461 1231 6116666116
482 1177 542 1246 (4),
557 1180 616 1232 eto.
633 1172 726 1232 Habet
739 1188 842 1247 regem
861 1171 1038 1232 invisibilem
1060 1170 1091 1230 in

83 1255 272 1332 1666166616,
288 1265 318 1318 et
330 1259 476 1321 visibilem
489 1260 520 1319 in
534 1277 710 1320 successore
723 1265 754 1319 Β.
777 1259 864 1330 Petri,
882 1260 929 1320 cui
951 1261 1020 1319 data
1037 1258 1092 1319 luit

83 1352 199 1418 potestas
220 1354 251 1406 et
266 1347 432 1423 jurisdictio
448 1349 607 1424 pascendi,
627 1357 657 1409 et
677 1349 864 1424 gubernandi
882 1348 938 1408 illia
960 1347 1058 1408 verbis
1084 1365 1091 1406 ε

84 1433 260 1512 1666666666
273 1453 362 1512 nuos,
376 1455 460 1514 posce
474 1455 537 1498 ovas
550 1455 632 1499 meos
646 1442 697 1512 (b),
717 1437 826 1514 quibus
840 1437 1018 1498 constitutus
1033 1435 1089 1496 1611

84 1529 180 1597 pastor,
194 1530 225 1584 61
236 1526 420 1600 gubernator
433 1525 575 1588 Fidelimn
597 1534 627 1588 et
647 1533 814 1600 Pastorum,
828 1527 941 1586 scilicet
959 1525 1093 1586 subdito·

84 1627 139 1672 mm
151 1621 181 1673 61
194 1615 375 1690 Prinoipum.
391 1617 483 1676 Habet
494 1616 679 1692 assignatum
697 1633 753 1692 pro
774 1616 886 1676 ditione
902 1633 956 1676 sna
974 1615 1094 1676 univer-

85 1715 139 1760 sum
150 1703 297 1763 mundum
311 1722 350 1764 ex
363 1705 413 1766 illo
428 1708 569 1766 oraculo:
585 1706 696 1766 Euotes
709 1707 743 1764 16
758 1705 908 1766 mundum
921 1705 1095 1766 universam

84 1791 223 1862 uredieote
237 1793 432 1869 ,1666961166
454 1795 538 1854 omni
557 1803 699 1854 creature
720 1798 760 1866 (6)
776 1813 782 1853 :
796 1792 896 1854 Donata
912 1809 1012 1853 omnes
1025 1809 1094 1869 966-

86 1884 118 1937 16
134 1885 182 1954 (1).
201 1883 297 1942 Habet
316 1881 490 1943 societatem
509 1882 664 1942 homiuum
684 1883 871 1958 inaequalem
896 1881 926 1941 in
940 1900 999 1958 qua
1015 1887 1095 1955 sunt,

86 1967 127 2041 qui
145 1977 264 2046 regunt,
289 1977 319 2032 et
340 1972 390 2047 qni
409 1966 564 2048 reguntur.
585 1973 679 2032 Habet
696 1989 767 2032 suas
790 1973 883 2048 leges,
906 1971 1096 2047 magistratus

85 2058 240 2134 collegiales
253 2060 283 2118 in
295 2061 437 2135 conciliis,
449 2063 565 2138 judices
585 2061 615 2120 in
635 2059 793 2137 episcopis,
809 2061 925 2138 aliaque
941 2060 1041 2121 omnia
1058 2059 1097 2119 ad

84 2160 200 2221 regnum
213 2145 455 2210 constituendum
469 2149 637 2211 necessaria
647 2155 698 2223 (8).

114 2237 159 2296 llis
183 2239 260 2298 adeo
277 2238 365 2298 claris
385 2246 413 2301 S.
429 2239 650 2315 seripturarum
671 2238 795 2316 eloquiis
813 2237 894 2314 impii
920 2243 1096 2314 opponunt:

85 2327 110 2380 l⁰
120 2325 266 2387 Christum
280 2327 449 2388 declarasse
463 2345 590 2404 regnum
599 2345 687 2389 suum
699 2345 760 2388 uon
772 2344 837 2388 esse
849 2328 886 2387 de
899 2328 959 2387 hoc
968 2327 1097 2398 mund03

86 2410 112 2468 2⁰
126 2430 252 2490 regnum
274 2417 413 2476 Ecclesiae
429 2433 497 2477 6666
515 2417 711 2492 impossibile,
733 2415 802 2492 qnia
825 2432 894 2476 eum
911 2430 1099 2492 unaquaeque

31 2545 32 2548 ,
88 2517 149 2574 gens
162 2521 251 2564 suum
261 2505 369 2566 habeat
384 2506 502 2566 civilem
517 2505 723 2582 principatum,
741 2522 795 2582 per
809 2505 881 2566 illud
892 2507 986 2578 fieret,
1001 2510 1035 2564 ut
1051 2520 1099 2563 es-

88 2597 125 2649 661
137 2594 269 2653 61616616
278 2600 366 2668 61616,
383 2594 965 2671 6661661666(1616661661166161661
979 2609 1102 2668 respon·

89 2678 192 2752 demus,
208 2681 356 2743 Christum
379 2684 595 2760 sapientissime
617 2684 733 2756 1661666,
754 2699 824 2742 cum
847 2682 945 2740 dinit:
968 2682 1100 2756 11666666

89 2783 178 2829 meum
190 2787 252 2832 666
266 2779 307 2831 cst
316 2773 350 2833 de
365 2773 609 2846 16666616(9);
626 2773 738 2833 namin
753 2771 938 2847 boceloquio
949 2771 1016 2830 duae
1029 2787 1100 2846 pro-

89 2858 241 2930 positiones
254 2867 335 2934 sunt,
349 2860 446 2935 idest,
460 2861 675 2937 regnumquod
689 2866 735 2920 est
748 2877 856 2932 melun,
871 2877 931 2920 non
942 2868 988 2920 est
998 2859 1037 2919 de
1043 2859 1102 2918 hoo

89 2943 200 3008 mundo.
216 2953 255 3008 ln·
264 2949 361 3025 prima
373 2951 531 3010 affirmavit
544 2965 671 3026 regnum
684 2965 789 3021 suum;
811 2949 842 3007 in
855 2951 988 3008 secunda
1001 2947 1100 3006 decla·

89 3036 164 3111 ravit,
179 3038 814 3114 6666661666166666666(1666666616,
829 3038 943 3098 66111661
960 3053 1020 3096 666
1035 3053 1102 3097 6666

89 3139 204 3200 reguum
220 3131 382 3204 temporale
396 3130 434 3190 ab
447 3129 617 3189 hominibus
631 3127 839 3201 constitutum3
851 3133 881 3188 et
893 3127 961 3187 ideo
971 3142 1041 3186 cum
1051 3129 1103 3186 lu-

90 3219 138 3278 161
149 3223 259 3283 vellent
272 3238 342 3281 eum
354 3239 458 3298 regem
478 3224 588 3296 facere,
609 3221 683 3296 largit
698 3227 761 3294 (10),
781 3221 850 3298 quia
868 3237 1005 3296 regnum,
1022 3219 1103 3296 quod

90 3306 145 3382 ipse
156 3311 300 3370 iamdabat
314 3309 343 3368 in
358 3313 482 3386 mundo,
497 3317 562 3372 erat
574 3311 698 3370 coeleste
714 3317 743 3370 et
760 3310 892 3370 divinum
906 3327 924 3369 a
941 3314 1002 3368 beo
1016 3314 1102 3369 Patre

90 3400 283 3469 oeristitntum.
299 3399 372 3460 Hinc
385 3407 440 3474 est,
458 3407 491 3461 ut
505 3406 588 3461 recte
608 3399 738 3476 explicat
756 3405 784 3460 S.
809 3399 998 3474 Augustinus,
1021 3397 1103 3474 quod

91 3486 340 3549 Christusnonait:
349 3489 481 3566 11666661
493 3505 595 3551 eneam
607 3497 722 3550 nonest
735 3490 770 3550 ia
778 3491 831 3550 boo
843 3489 966 3560 muodo,
979 3489 1033 3549 sed
1041 3503 1104 3549 666

91 3585 125 3636 ert
138 3579 235 3640 deboc
248 3579 371 3640 muodo.
387 3585 451 3641 Non
466 3579 522 3641 ait:
545 3579 631 3641 uuae
649 3595 775 3654 6696616
790 3596 891 3639 merua
913 3595 975 3639 666
990 3577 1101 3652 661116,

189 3679 212 3731 Ι.
979 3677 995 3724 2

894 3749 907 3784 s
