2566 4102
513 239 549 252 ·-
566 223 625 273 aru
642 241 678 254 ·-

76 335 155 412 piam
174 335 229 408 88,
254 331 307 393 sed
330 331 395 393 sine
415 331 586 410 praeiudicio
607 333 753 410 portionis
773 333 911 412 legitima
936 339 1086 416 87888188

76 423 222 502 quantitas
235 423 364 499 peteuda
376 439 394 482 a
408 422 523 498 legibus
537 422 673 484 civilibus
687 423 739 498 8.,
754 429 782 487 l.

103 520 207 576 Tasris
220 517 282 572 888.
298 515 412 584 Quanta
433 511 551 574 testium
569 513 729 574 auctoritas
741 514 792 588 88,
806 519 837 589 23
853 521 926 593 quot
939 518 1094 596 requiran-

75 610 120 664 tur
141 603 180 664 ad
201 603 321 678 plenam
338 601 546 677 probationem
563 605 630 676 888;
645 619 723 664 8888
736 604 910 680 regulariter
923 607 1011 682 plene
1023 623 1095 684 pro·

74 685 145 754 bare
155 690 261 768 ueqmt
274 691 324 764 lb.;
336 690 414 752 idem
424 689 449 750 si
462 697 554 752 testes
562 691 621 753 siut
628 691 794 767 singulares
802 693 840 752 ib.
854 695 983 755 Testium
992 696 1093 758 citatio

75 796 135 865 887,
151 795 163 849 8
178 807 186 863 ;
200 791 404 864 iuramentum
417 805 519 848 coram
540 795 625 865 parte
647 788 773 848 adversa
787 788 840 862 aba
856 805 983 850 examen
1001 791 1052 862 id„
1066 799 1094 852 88

75 885 134 940 888.
149 885 223 940 bute
236 878 319 939 litem
337 883 533 938 contestatam
546 877 722 952 regulariter
742 883 833 938 testes
847 879 1012 940 examinari
1036 897 1090 942 ne·

75 973 266 1045 88888888,
281 967 338 1028 nisi
354 983 409 1043 pro
419 967 520 1027 reoad
532 966 758 1044 perpetuamrei
768 967 945 1028 memoriam
958 969 997 1030 lu.
1008 985 1016 1042 3
1028 985 1097 1046 pro·

76 1057 228 1130 batoni-et
240 1056 438 1132 reprobatorii
452 1060 513 1116 888.
528 1055 652 1127 Quando
666 1056 869 1132 proponenda
883 1065 989 1118 contra
1002 1063 1096 1122 tates

78 1145 267 1223 exceptiones
279 1151 311 1206 et
323 1146 450 1222 repulsa
460 1149 522 1206 888.
539 1144 593 1217 Qui
606 1151 697 1205 testes
709 1161 775 1206 esse
789 1152 939 1224 nequeant
952 1147 991 1208 id.

109 1240 331 1296 Tasrrnonnnss
341 1234 447 1295 littera
459 1235 497 1294 ad
509 1234 631 1296 ordinas
641 1238 689 1294 88.

109 1329 225 1386 luanus
238 1323 434 1384 ordinationis
445 1329 482 1384 88
493 1331 520 1383 et
533 1339 607 1400 seqq.
623 1323 734 1385 Titulus
747 1325 898 1386 coloratus
911 1329 975 1387 887.

109 1417 234 1474 7888888
249 1413 429 1473 clericorum
442 1416 487 1472 78.
501 1417 734 1472 Tonsuratorurn
744 1429 837 1474 onera
851 1419 881 1474 et
891 1414 959 1490 jura
974 1417 1038 1476 888.
1080 1449 1083 1456 ·

109 1508 244 1564 larnano
258 1502 382 1580 ejusque
396 1500 501 1562 divisio
519 1507 564 1575 88,
578 1505 613 1574 ¹3
632 1501 792 1562 discrimen
814 1499 892 1563 inter
906 1502 1036 1566 divinam
1061 1511 1093 1567 el

80 1593 233 1652 humanam
251 1591 303 1666 il„
317 1597 349 1664 ⁴3
365 1607 432 1668 quse
446 1590 591 1664 habenda,
607 1596 640 1650 ut
653 1589 753 1650 divina
764 1590 803 1652 88.

109 1679 503 1756 lucustar106643quando
526 1696 586 1740 non
606 1680 703 1740 valeat
724 1676 777 1752 tu.;
795 1679 915 1756 quando
930 1681 1047 1758 deceat,
1064 1689 1097 1745 ut

78 1771 161 1846 iudex
178 1769 413 1830 transactionem
434 1769 572 1828 consulat
594 1769 646 1842 ib,
668 1773 695 1830 l.
720 1769 848 1844 Praelati,
871 1775 902 1830 et
926 1770 1097 1834 beneficiati

81 1866 224 1936 nequeunt
244 1858 283 1918 de
304 1857 395 1917 rebus
415 1855 555 1917 Ecclesia
578 1855 753 1932 transigere,
773 1857 830 1918 nisi
845 1857 1009 1920 observatis
1020 1861 1097 1938 Juris

82 1943 308 2004 solemnitatibus
323 1947 388 2015 6653
406 1941 478 2018 quid
499 1941 523 2000 si
546 1941 710 2017 transigant
731 1941 844 2018 absque
857 1943 1097 2007 solemnitatibus

81 2033 111 2093 8.
125 2034 236 2106 Quibus
245 2032 283 2093 88
295 2033 386 2092 rebus
393 2030 585 2091 interdicatur
593 2029 754 2090 transactio
765 2035 834 2104 6663
846 2031 914 2092 licet
925 2049 986 2092 non
997 2036 1096 2096 valeat

81 2139 159 2200 super
171 2121 374 2194 matrimonio,
389 2123 466 2181 valet
480 2121 518 2180 de
531 2119 718 2196 sponsalibus
731 2119 782 2194 88,
802 2124 833 2193 3;
850 2137 910 2180 888
928 2122 1093 2186 admittitur

81 2208 339 2272 inbeneficialibus
349 2209 398 2282 idq
409 2209 476 2269 lites
488 2209 525 2268 de
539 2209 585 2268 his
599 2213 725 2285 possunt
737 2208 839 2285 gratis,
852 2217 883 2269 88
900 2209 1094 2274 amicabiliter

82 2299 210 2377 componi
230 2300 269 2360 lb.
287 2299 409 2372 Quando
424 2297 534 2374 aliquid
549 2297 643 2374 possit
656 2296 720 2357 dari
733 2297 772 2356 ad
782 2297 985 2362 redimendam
998 2317 1093 2362 vexa-

81 2388 180 2450 tionem
193 2389 234 2449 id.
245 2387 464 2448 Transactionis
477 2389 601 2447 effectus
614 2390 677 2446 887.

108 2483 281 2540 l'asnsntrro
295 2477 333 2537 de
347 2493 407 2536 uno
419 2476 450 2534 in
461 2475 540 2535 aliud
552 2473 731 2536 beneficium
744 2473 929 2552 improbatur
938 2481 1007 2552 5⁸⁰3
1017 2495 1095 2558 quo-

80 2569 159 2627 modo
173 2566 336 2644 puniantur
348 2565 398 2642 qui
411 2565 522 2626 audent
543 2565 600 2624 hac
620 2581 673 2624 sua
686 2565 861 2630 auctoritato
874 2566 973 2630 lacere
985 2567 1023 2628 ib.
1040 2573 1110 2630 so·-

80 2655 118 2716 lus
129 2662 208 2734 Papa
225 2656 365 2716 transfert
378 2654 541 2731 Episcopus
550 2654 600 2726 888
617 2652 780 2730 Episcopus
791 2653 922 2714 minores
931 2655 1094 2718 beneficia·

79 2749 128 2820 tos,
142 2747 196 2806 sed
209 2744 386 2821 regulariter
398 2749 514 2804 tantum
531 2749 601 2820 post
612 2741 858 2820 quinquennium,
872 2745 918 2804 vel
933 2743 1094 2808 triennium

79 2833 110 2894 ab
122 2835 230 2912 adepto
243 2831 392 2894 beneflcio
406 2837 470 2892 878,

107 2927 228 2985 lurum
243 2921 345 2992 realia,
357 2928 388 2982 88
399 2919 567 2998 personalia
576 2925 622 2980 78.

106 3015 298 3074 lemannum
312 3010 473 3071 concilium
487 3013 532 3085 78,
551 3014 578 3070 8.

107 3105 223 3174 Termi,
239 3107 269 3161 88
282 3100 414 3161 curatela
431 3103 643 3159 extraneorum
665 3096 781 3158 clericis
798 3097 955 3160 interdieta
978 3091 1023 3159 78.
1048 3103 1091 3161 tn

79 3185 148 3250 idem
157 3189 304 3267 procedat
318 3185 348 3246 in
362 3186 573 3248 executoribus
586 3186 814 3248 testamentariis
827 3186 866 3247 iu.

567 3399 600 3459 Π

107 3608 174 3668 llruo
185 3604 407 3668 beneficiorum
420 3609 473 3666 818
488 3603 570 3678 (vide
583 3603 761 3680 Raetinium
774 3603 1023 3678 ecolmiartioom.)
