2468 4090
620 179 777 235 ..200-

177 310 227 365 tur
240 301 403 379 episcopali
415 298 594 372 auctoritati,
610 303 641 359 at
658 296 866 376 jurisdictioni,
882 302 916 356 61
934 294 1093 371 Episcopus
1102 299 1184 368 queat

176 389 275 466 aliqua
286 387 464 467 parochialis
483 386 640 465 potestatis
658 387 754 463 capita
767 385 851 448 alteri
865 401 905 445 ex
917 385 998 461 justa
1015 399 1100 443 causa
1111 396 1183 441 rom-

180 477 317 550 mittere;
330 482 364 536 ut
375 483 464 552 queat
476 476 576 550 etiam,
590 481 742 551 tamquam
755 473 931 551 apostolicae
945 471 1026 532 sedis
1039 471 1183 546 delegatis,

174 566 309 626 Parocbo
322 563 468 624 Vicarium
489 565 645 641 deputare,
669 563 694 623 si
708 563 753 623 -611
763 579 765 586 ·
775 569 898 641 propter
914 560 1092 638 imperitiam
1105 557 1184 618 sacris

176 653 282 714 oliiciis
307 653 405 714 miuus
431 655 601 730 aptasset
627 659 754 730 propter
777 651 990 727 turpitudinem
1012 649 1080 708 vita
1100 645 1184 723 polius
1221 715 1226 724 Ι

175 743 321 816 destruat,
334 757 426 817 quam
437 741 565 802 aedificet
578 745 630 815 (²)3
645 749 676 802 et
690 747 724 800 ut
738 746 827 818 queat
841 740 1008 800 Parocbum
1021 736 1140 814 graviter
1151 733 1183 792 de

174 827 321 907 imperitia
334 837 507 907 suspectum
520 830 630 892 itemm
649 829 780 891 examini
793 829 948 904 subjicere,
972 827 1004 886 in
1025 823 1085 903 qba
1100 832 1183 884 16666

173 935 208 979 re
220 919 310 979 debet
322 918 486 994 Episcopus
498 935 606 994 magna
618 917 786 994 prudentia,
796 923 826 977 et
839 917 954 976 cautela
968 914 1127 992 procedere
1139 915 1182 985 (3).

174 1008 257 1068 ldem
270 1007 441 1082 dicendum,
456 1007 482 1067 si
495 1009 647 1068 Parocbus
660 1007 735 1067 adeo
758 1007 795 1066 sit
813 1012 954 1082 aegrotns,
975 1010 1008 1064 ut
1031 1002 1112 1062 altari
1129 1016 1183 1060 ser-

172 1094 236 1156 vire
249 1113 311 1156 non
325 1095 419 1172 possit
432 1097 483 1167 (1).
500 1101 593 1155 immo
606 1103 705 1172 potest
719 1093 882 1171 Episcopus
894 1093 1041 1153 fructibus
1053 1087 1174 1152 beneficii

173 1190 204 1246 et
222 1184 369 1246 beneflcio
389 1185 455 1262 ipso
480 1185 646 1245 Parocbum
668 1202 707 1244 ex
724 1185 803 1260 justa
822 1199 913 1242 66666
928 1181 1057 1258 16616166
1074 1183 1183 1257 probata

173 1274 301 1350 privare.
317 1273 450 1334 Giraldus
472 1281 503 1333 et
522 1279 666 1334 Doctores
679 1273 717 1332 ab
735 1290 772 1332 eo
790 1271 871 1332 citati
888 1269 1056 1346 specialiter
1075 1269 1183 1330 crimina

173 1368 361 1437 enumerent,
380 1368 503 1439 propter
516 1379 582 1439 quae
595 1363 661 1423 haec
675 1361 801 1439 privatio
815 1359 879 1421 fleri
893 1366 993 1436 potest
1005 1363 1057 1434 (5).

204 1546 240 1614 (1)
254 1546 384 1600 Gonzales
397 1546 431 1598 ad
445 1559 504 1612 cap
519 1543 585 1599 llam
596 1545 630 1599 66
643 1543 822 1599 licclatt'otum
836 1546 869 1598 de
884 1546 952 1598 offic
964 1546 1025 1611 jud.
1038 1544 1094 1598 ord.
1104 1558 1127 1594 ιι.
1139 1543 1183 1594 361

173 1617 337 1670 Benedictus
351 1617 424 1678 xlv
440 1618 474 1670 de
488 1617 586 1683 Synod
602 1618 620 1668 l.
635 1619 660 1680 5,
674 1631 694 1669 c.
710 1618 899 1683 1,6..-3(3)
913 1617 1069 1669 31166666
1082 1616 1120 1680 31,
1132 1613 1181 1670 6.,6

173 1689 208 1739 66
221 1688 312 1739 ret-
322 1688 358 1752 (3)
374 1687 536 1740 Benedictus
549 1689 624 1750 XlV,
633 1690 667 1740 66
677 1689 778 1754 Synod
791 1689 809 1740 1.
825 1690 864 1753 13,
876 1702 900 1739 6.
910 1690 936 1752 9,
945 1700 974 1740 n.
989 1689 1070 1740 31.-
1082 1687 1114 1753 (1)
1126 1685 1181 1749 (lap.

173 1759 197 1819 3,
212 1759 246 1812 66
258 1760 324 1812 clar.
337 1761 471 1826 agrot-
484 1760 520 1826 (5)
535 1759 661 1812 Giraldus
675 1761 710 1812 ad
724 1773 782 1828 cap.
804 1760 842 1820 13,
857 1759 891 1812 66
904 1774 996 1815 accus.

169 1946 170 1957 ¹
207 1965 270 2023 366.
285 1967 355 2024 lura
369 1963 492 2025 Parochi
504 1965 655 2042 praecipua
665 1965 704 2025 ad
718 1964 785 2026 haec
797 1970 923 2041 possunt
941 1963 1087 2024 revocari.
1101 1967 1128 2023 l⁰
1138 1966 1180 2022 lus

171 2051 228 2112 sori
242 2052 462 2129 poenitentialis,
480 2063 603 2131 propter
620 2055 699 2129 quod
714 2054 896 2122 ordinariam
909 2054 999 2114 habet
1019 2058 1181 2130 potestatem

171 2143 425 2202 sacramentaliter
446 2142 620 2203 absolvendi
641 2144 841 2221 parochianos
855 2161 926 2204 suos
940 2144 1030 2204 etiam
1045 2150 1124 2204 extra
1136 2159 1179 2218 pa·
1224 2191 1225 2218 ,

170 2229 281 2290 rocbiae
291 2231 481 2306 territorium,
493 2237 523 2291 61
537 2232 650 2293 6116666
661 2239 777 2293 tantum
787 2233 865 2292 intra
879 2231 1081 2307 territorium
1096 2228 1179 2292 caeteri
1224 2223 1225 2292 ἶ

171 2325 271 2380 antem
290 2320 465 2379 Conlessarii
490 2317 601 2381 habant
619 2329 800 2397 potestatem
820 2323 986 2397 delegatam
1009 2327 1062 2395 (1).
1089 2326 1117 2380 2⁰
1137 2325 1180 2380 166

171 2407 344 2468 solemniter
356 2408 541 2469 ministrandi
555 2410 747 2486 baptismum,
767 2409 792 2470 si
805 2411 836 2469 in
851 2410 993 2486 parochia
1009 2411 1115 2472 habeat
1125 2411 1179 2469 lon·

171 2504 233 2557 tem
243 2497 505 2573 baptismatemla).
521 2503 551 2558 3ο
560 2504 611 2559 166
621 2499 808 2559 ministrandi
818 2499 1060 2561 communionem
1071 2500 1178 2577 pascha·

171 2587 231 2646 lem
243 2585 379 2646 fidelibus
388 2587 450 2646 suis
454 2587 520 2664 ,qui
530 2595 681 2664 praecepto
693 2605 754 2648 non
764 2588 953 2661 satisfaciunt,
964 2589 991 2648 si
1000 2590 1070 2649 alibi
1078 2592 1178 2650 sumant

171 2675 289 2735 etiam
281 2693 312 2734 ιιι
335 2675 467 2735 Ecclesia
489 2677 716 2750 cathedrali(3)
737 2678 1178 2738 1016666666616661666666

171 2764 420 2839 parochianorum
433 2764 633 2834 matrimonia,
648 2765 761 2826 eisdem
779 2767 945 2840 66616161661,
967 2769 1086 2842 sponsis
1101 2769 1224 2826 bene·
1223 2769 1224 2794 ³

169 2850 330 2912 dictionem
344 2851 507 2928 nuptialem
519 2853 744 2929 impertiendi(
746 2861 766 2929 ),
780 2863 809 2915 et
817 2856 1012 2916 benedicendi
1023 2855 1177 2916 mubenbus
1223 2841 1224 2929 l

106 2975 118 2997 1
170 2946 239 3016 post
252 2947 413 3017 partumld
415 2946 435 3012 ).
461 2947 490 3002 5⁰
503 2948 555 3002 166
569 2943 753 3020 percipiendi
767 2944 941 3020 oblationes,
964 2963 1031 3020 quae
1052 2946 1081 3005 in
1099 2941 1175 3005 adrui·

169 3029 342 3092 nistrattrone
355 3031 504 3106 baptismi,
520 3040 550 3093 et
564 3033 754 3106 matrimonii,
770 3033 800 3092 in
820 3035 1021 3095 celebratione
1038 3036 1139 3105 missa,
1152 3031 1175 3088 in

168 3118 377 3180 defunctorum
392 3121 536 3197 exequiis
551 3123 625 3182 etin
639 3122 703 3182 aliis
714 3121 857 3182 similibus
872 3123 991 3182 casibus
1003 3141 1043 3184 ex
1057 3117 1175 3185 laudabili

171 3209 461 3269 consuetudinalem
475 3213 688 3284 solcntffico)
707 3216 759 3271 166
779 3211 962 3288 percipiendi
981 3213 1119 3287 decimas,
1132 3207 1174 3270 nisi

171 3297 347 3356 necessariis
360 3297 429 3358 vitae
442 3297 567 3359 Parochi
580 3299 698 3360 aliunde
713 3302 884 3361 consultum
897 3301 934 3363 611
948 3305 976 3373 (
979 3307 1000 3375 )
1017 3308 1046 3362 ’1ο
1058 3309 1108 3363 166
1117 3301 1175 3361 cele·
1222 3325 1223 3387 p

170 3383 277 3444 brandi
299 3387 467 3448 functiones
489 3388 703 3464 parochiales
695 3407 726 3448 rn
746 3396 810 3450 1616
827 3407 889 3450 666
906 3392 1055 3494 parocbiae
1073 3389 1173 3452 territo·

171 3489 217 3532 rto
232 3477 283 3546 ().
297 3481 390 3536 80166
404 3477 629 3538 administrandi
643 3478 791 3554 parochiae
806 3480 885 3539 bona
899 3481 964 3540 ad
954 3482 1029 3557 Juris
1051 3481 1173 3548 tramites,

172 3567 204 3624 et
216 3563 273 3625 sub
284 3565 738 3642 116166661,6166611666(9666).
756 3569 913 3647 aliquando
928 3573 1120 3647 quorumdam
1130 3569 1173 3628 bo·
