2566 4102
617 200 762 246 ...u-

212 312 356 371 visin-uro
368 307 511 368 dioecesis
522 305 598 368 inire
613 309 694 384 quod
706 315 826 384 tempus
838 306 876 368 sit
887 308 1068 370 absolvendo
1082 311 1150 382 155,
1170 314 1186 369 1
1205 326 1214 383 ς

175 414 194 456 e
207 414 266 474 quo
280 396 463 478 perficiendo
472 396 510 456 ib.
523 416 530 456 :
543 413 611 474 quae
620 395 649 456 in
662 397 828 459 visitatione
839 397 1022 474 inspiciendo
1030 397 1080 471 id,
1092 403 1120 470 23
1135 415 1216 474 quae
1273 475 1274 478 Ἴ

175 485 321 558 eeclesiae,
332 487 438 548 etlooe
448 485 593 546 rieitsnde
607 490 669 546 lttd.
683 485 838 557 Quomodo
851 485 1007 547 visitentur
1019 486 1216 546 monasterio
1273 537 1274 542 ,

172 575 224 648 u,
239 581 266 635 l.
282 574 385 634 ltodus
397 573 580 651 procedendi
602 572 633 633 in
653 573 820 634 visitatione
839 579 906 648 1573
928 592 1027 652 poenes
1041 574 1215 635 ordinariae

177 681 238 724 non
251 669 322 724 sunt
333 662 501 739 infligendos
513 664 564 736 iu,
586 669 656 735 l3a
676 664 803 724 decretis
814 662 846 723 in
858 663 1025 724 visitatione
1037 665 1124 724 laetis
1141 681 1215 725 non
1250 656 1253 665 '

176 753 265 814 detur
276 751 451 828 suspensiva
464 752 633 828 appellatio,
648 751 704 812 nisi
717 752 839 813 visitans
848 753 986 814 maluerit
1002 754 1144 813 ordinem
1157 756 1215 830 ju·
1238 781 1241 788 =

175 839 330 902 dioiurium
345 857 466 900 servare
478 840 530 914 ld,
545 845 576 913 33
592 841 755 902 consultius
769 850 815 902 est
827 859 1002 918 processum
1015 841 1215 904 ordinarium
1273 845 1274 896 ἶ

175 931 297 992 differre
310 929 360 1004 tlt,
373 935 385 990 t
404 936 431 990 et
442 933 469 990 2.
482 929 606 988 visitans
619 929 740 1006 exigere
753 937 852 1007 potest
863 931 1105 1008 procurationem
1116 931 1214 1006 (Vide

176 1019 372 1088 Procerum.
386 1017 516 1079 Visitstio
529 1018 702 1079 monialium
718 1023 782 1079 237.
1273 1081 1274 1084 ,

209 1114 311 1171 voror
326 1107 397 1184 quid
418 1114 449 1167 et
470 1108 636 1184 quotuplex
657 1113 734 1169 370:
757 1109 891 1170 solemne
910 1125 971 1186 per,
982 1109 1213 1188 professionem

174 1197 344 1274 religiosum
358 1195 446 1256 solvit
465 1196 687 1256 matrimonium
708 1203 806 1258 retum
827 1204 1024 1270 contractum,
1038 1205 1068 1259 et
1086 1199 1213 1261 dirimit

173 1287 411 1354 oontrnhendum
419 1285 469 1360 ior
477 1303 532 1362 per
541 1302 696 1347 sacrorum
706 1287 845 1347 ordinum
856 1288 1075 1366 susceptionem
1086 1287 1212 1350 dirimit

174 1375 411 1436 contrahendum
422 1375 472 1448 dr
487 1375 613 1452 simplex
624 1381 739 1436 tentum
751 1373 873 1452 impedit
885 1377 936 1451 id,
951 1385 979 1437 et
991 1381 1054 1437 360.
1069 1377 1150 1449 Quid
1167 1379 1212 1440 de

175 1471 248 1529 voto
261 1463 370 1526 emisso
392 1463 423 1526 in
442 1463 586 1524 societate
608 1468 679 1524 lesu
699 1467 761 1525 3⁷0.
783 1469 856 1525 Voto
868 1465 976 1547 emisse
997 1465 1027 1526 in
1041 1465 1210 1528 ordinibus
1273 1475 1274 1478 ’

176 1553 366 1630 regulsribus
378 1569 461 1614 nuno
472 1553 643 1630 suppressis
655 1552 806 1630 quomodo
819 1553 956 1614 habende
969 1553 1028 1615 sint
1038 1559 1102 1630 stt,
1115 1559 1145 1618 3.
