2546 4038
437 181 478 226 Ι-
497 155 550 212 nr
570 185 605 196 -

15 271 124 333 svium
136 272 228 348 regni
240 271 372 334 coelestis
386 288 455 336 cum
470 275 528 336 tlde
541 274 670 335 habendi
688 282 787 338 retum
800 276 829 336 in
847 276 934 338 coelis
948 277 1035 354 quid-

15 359 63 420 rid
86 361 156 436 lpse
169 359 304 436 ligasset,
321 367 372 421 eut
395 361 533 424 solvisset
548 364 579 423 iu
602 363 689 424 terris
707 383 713 423 :
729 363 766 424 llt
783 361 842 424 Tibi
855 365 927 426 stobe
943 366 1037 426 claves

15 448 75 524 prii
88 447 238 508 ociorum
252 452 309 523 (·t),·
324 466 363 510 ex
380 459 532 527 praecepto
547 451 689 528 poscendi
707 453 810 513 fideles
830 461 877 514 ter
893 460 979 514 l'etro
992 471 1037 516 re

15 537 86 598 stilo
105 557 113 596 :
131 537 224 597 Pcscc
238 555 329 614 opttus
342 555 432 613 meos,
446 557 530 616 posce
543 557 607 601 oues
620 557 702 600 meas
712 545 764 614 (2);
779 559 818 602 ex
833 542 967 602 oratioue
982 559 1037 618 pro

15 623 60 684 lei
72 625 248 698 stabilitate,
264 632 348 686 etex
363 627 504 687 mandato
520 629 716 690 confirmandi
731 631 836 691 iratres
849 649 855 690 :
868 631 926 706 Epo
938 631 1040 708 reponi

15 730 42 772 p
66 714 117 780 Tc,
130 721 170 775 ut
189 731 252 774 non
275 715 390 790 deficiat
409 717 481 792 fides
506 724 569 790 tua,
599 726 625 777 et
645 726 679 778 tu
700 718 862 796 aliquando
883 737 1038 780 conversus

15 803 148 876 mfinno
161 805 274 876 fratres
292 811 356 864 tuos
372 809 423 879 (3).
440 810 541 881 Neque
555 806 643 883 hujus
657 806 801 882 primatus
815 806 972 871 immemor
986 808 1040 868 luit

15 937 23 948 .
41 895 166 964 Petrus,
182 899 235 951 eut
249 891 344 952 sancti
360 893 570 968 Evangelistae:
585 911 656 954 nam
674 896 738 971 ipse
757 913 907 972 exurgens
930 895 958 954 in
976 913 1039 958 me-

15 977 48 1038 io
63 979 199 1039 fratrum
213 980 400 1056 proponebat
416 981 599 1054 dcllttienda,
614 993 644 1043 et
663 983 777 1060 primus
797 985 974 1044 sententiam
997 985 1010 1043 l
1027 1017 1040 1027 -

15 1067 83 1126 ebat
99 1071 156 1140 (t).
181 1063 377 1144 Euangeluttae
393 1085 466 1128 vero
484 1071 641 1146 collegium
660 1073 861 1148 Apostolicum
879 1075 1041 1134 relerentes
1137 1069 1139 1083 '

15 1158 46 1215 el
60 1157 165 1216 solum
191 1161 310 1216 Petmm
331 1157 495 1232 nominent,
518 1161 566 1219 vel
579 1165 699 1220 Petrum
721 1171 790 1222 ante
813 1178 919 1222 omncs
934 1179 1040 1222 recen·

15 1252 75 1303 eut.
105 1247 153 1304 Ex
177 1245 286 1320 quibus
305 1246 443 1306 omnibus
471 1249 568 1322 palem
581 1239 764 1323 evincitur,
777 1255 898 1310 Petrum
917 1250 1041 1310 luisses

15 1332 119 1392 ltn'sto
135 1333 330 1393 coustitutum
344 1351 414 1395 cum
432 1335 556 1396 honoris
573 1338 782 1414 prerogativa,
801 1345 831 1399 et
847 1339 946 1399 olllcio
961 1347 1043 1414 pote·

15 1421 84 1480 tatis
96 1430 222 1482 senatus
240 1423 398 1498 Apostolici
411 1435 440 1484 et
454 1425 593 1484 Ecclesiae
609 1427 756 1487 universes
769 1427 936 1504 Principem
950 1433 960 1498 (
981 1431 1002 1498 ).

48 1517 86 1570 stt
113 1527 189 1570 vero
215 1511 361 1586 primatus
379 1517 466 1573 Petro
491 1529 658 1575 concessus
680 1513 712 1575 iu
730 1515 863 1593 reliquos
888 1516 1041 1576 descendit

15 1605 145 1658 tummos
171 1599 332 1660 Pontifices
352 1600 429 1661 Petri
455 1617 666 1663 successores:
692 1620 762 1664 nam
791 1621 881 1664 unam
910 1604 1042 1664 christus

15 1686 143 1746 undavit
161 1687 325 1748 Ecclesium
337 1694 482 1771 perpetuo
500 1688 692 1764 duraturem3
709 1693 762 1752 sed
776 1691 884 1766 unitas,
895 1700 925 1753 et
938 1709 1042 1769 perpe-

15 1775 95 1834 ultas
114 1775 181 1835 sine
194 1775 291 1852 capite
302 1777 406 1838 haberi
418 1775 479 1838 uo'n
492 1786 600 1854 potest.
617 1785 680 1840 ltoc
690 1780 788 1856 ipsum
802 1781 915 1857 liquido
929 1781 1043 1841 cruitur

15 1879 43 1922 tx
58 1863 193 1923 concilio
207 1866 339 1940 generali
354 1868 544 1927 lateranensi
558 1872 592 1940 ll,
609 1867 638 1927 in
659 1885 718 1944 quo
733 1868 773 1929 ita
787 1868 941 1929 definitum
955 1885 1041 1945 repe-

15 1950 99 2010 imus
118 1971 125 2010 :
142 1952 213 2027 lpsa
228 1951 339 2013 Sancta
353 1953 487 2014 llomouu
506 1955 634 2016 Ecclesia
658 1973 815 2017 summum
840 1959 1042 2033 principatum

15 2057 95 2116 mpcr
109 2041 285 2100 universnm
299 2041 459 2102 Ecclesiam
473 2044 590 2119 obtinet,
604 2061 691 2121 quem
705 2063 734 2105 sc
747 2046 782 2106 ab
798 2047 858 2122 ipso
874 2046 999 2104 Domino
1009 2047 1042 2104 in

16 2129 90 2187 lecto
103 2127 193 2188 Petro
206 2129 414 2206 Apostolorum
428 2131 573 2208 Principe,
587 2134 645 2192 siue
660 2135 774 2206 vertice,
791 2135 875 2210 cujus
890 2133 1041 2193 Romanus

16 2216 147 2292 Pontifess
160 2223 203 2276 est
217 2233 374 2291 sttcccsscr,
390 2235 459 2279 cum
471 2222 620 2297 potestatis
634 2221 819 2298 plenitudine
830 2221 978 2297 recepisse,
992 2238 1042 2282 ce-

16 2307 127 2374 mcs’tcr,
148 2313 176 2364 et
190 2301 346 2366 lrrmtt'llter
364 2309 555 2383 recopnoscit5
577 2325 670 2385 nepam
684 2309 710 2368 si
722 2327 785 2386 pue
800 2310 834 2369 de
848 2310 904 2385 fida
918 2308 1042 2369 subortas

16 2393 123 2454 tues-im
137 2393 311 2469 questiones
325 2411 379 2453 suo
394 2395 494 2455 debent
502 2396 616 2472 Judicio
635 2397 763 2473 definiri.
778 2397 862 2458 ldem
876 2396 989 2456 eruitur
1003 2412 1043 2456 er

16 2481 138 2542 concilio
149 2480 282 2557 generali
297 2483 478 2558 Florentino,
494 2484 574 2559 quod
588 2485 654 2544 lraec
664 2485 774 2546 habet:
790 2485 953 2562 Definimus
963 2484 1042 2545 Sart-

16 2577 87 2629 stcm
108 2569 306 2646 Apostolicom
319 2569 433 2646 Solem,
451 2579 477 2632 ct
497 2571 667 2634 llonmnum
686 2575 858 2651 Pontificem
872 2575 906 2634 in
922 2573 1043 2632 univcr-

16 2673 77 2718 mm
90 2659 191 2718 erlem
215 2665 311 2720 tencre
323 2660 501 2737 primatum,
519 2668 546 2720 et
563 2662 663 2738 ipsum
681 2663 855 2739 Pontificem
874 2661 1044 2722 limnonmn

16 2761 203 2808 mcccssorem
227 2763 286 2808 esse
308 2747 343 2809 B.
371 2749 455 2808 Petri
476 2749 625 2826 Principis
652 2750 870 2828 Apostolorum,
889 2757 916 2810 et
939 2765 1043 2810 semna

16 2833 123 2896 Christi
142 2835 298 2908 Virosimu,
324 2837 467 2914 totiusque
488 2837 620 2899 Ecclesie
645 2847 743 2916 caput,
759 2847 785 2900 et
805 2840 943 2900 omnium
958 2837 1043 2898 Chri·

16 2926 181 2986 ctio-rictum
207 2933 337 3002 patrem,
361 2933 387 2988 ct
410 2927 554 2987 doctorem
577 2916 710 3001 esitare,
735 2927 832 3004 stipsi
849 2929 883 2988 in
902 2927 936 2986 Β..
956 2927 1044 2987 Petro

17 3013 158 3087 pascendi,
184 3013 312 3090 repasci,
334 3014 519 3090 parlamenti
530 3015 692 3092 lusesium
709 3015 910 3077 universalem
923 3033 943 3076 o
958 3013 1044 3076 cun-

17 3110 54 3162 sto
62 3103 191 3180 plectum
200 3110 373 3180 potestatem
390 3103 534 3165 traditam
553 3121 621 3178 csse,
637 3104 887 3182 quemadmodem
907 3105 997 3165 etiam
1011 3104 1044 3164 lu

17 3193 96 3264 pestis
109 3192 357 3252 emumuicomun
375 3193 577 3267 mocillorum,
593 3201 619 3253 ct
638 3194 672 3254 lu
684 3195 778 3254 sacris
792 3192 951 3254 canonibus
975 3207 1044 3252 cou-

18 3281 134 3342 tinetur.
150 3285 214 3340 lloc
226 3279 325 3356 ipsum
333 3280 444 3358 jugiter
456 3282 551 3342 lenuit
567 3282 695 3358 traditio,
709 3288 740 3344 el
757 3282 956 3360 praedicerunt
972 3285 1044 3341 San-

18 3370 51 3428 cti
68 3368 211 3430 Ecclesiae
225 3373 338 3445 Patres,
352 3378 383 3430 et
396 3369 453 3430 alie
467 3370 662 3432 conciliorum
681 3372 802 3432 decreta
815 3371 1041 3430 confirmarunt.

17 3459 88 3533 Ergo
110 3461 251 3518 Summus
273 3458 407 3518 Pontifex
425 3457 456 3517 in
476 3458 616 3520 universa
638 3459 769 3520 Ecclesia
798 3476 838 3520 er
852 3461 921 3535 jure
943 3458 1043 3521 divino

19 3544 176 3620 primatum
189 3547 267 3623 gerit
280 3547 391 3610 nedum
405 3547 537 3622 honoris,
553 3547 607 3608 sed
621 3553 652 3608 et
660 3546 885 3625 jurisdictionis.
