2468 4090
66 329 98 396 (l)
111 329 176 394 (lep.
191 329 231 391 31,
247 327 282 381 de
296 327 339 380 oli.
359 329 386 380 et
398 329 453 393 pot.
467 325 555 392 deleg.
570 351 601 363 -
613 323 650 391 (1)
663 323 732 388 Quia
745 335 806 376 curn
819 322 926 390 prolata
939 319 975 374 sit
988 327 1055 374 eon-

42 403 76 452 tra
89 413 216 464 canones,
238 413 371 466 suspensa
394 401 496 464 manet,
512 403 538 449 et
561 395 741 464 appellatione
755 407 809 448 nen
822 397 891 460 eget.
907 394 973 462 Cap.
989 393 1000 446 l
1023 389 1057 446 de

43 479 103 524 sent.
121 477 148 524 et
163 472 273 538 11111111
286 476 313 524 et
326 469 494 536 qniajmlex,
509 469 556 536 qui
569 468 672 520 nnllem
688 467 750 518 tulli
760 466 931 528 sententiam,
945 475 994 517 sno
1003 477 1059 517 non

43 549 78 595 ost
95 543 204 596 iunctus
219 543 314 596 oltielo.
328 541 511 594 Nihilominus
528 539 639 591 nullitas
653 539 794 590 sententie
816 549 850 590 ex
863 535 1058 590 consuetudine

44 616 131 738 soletle
147 609 281 738 1113116111
297 627 346 682 per
372 612 579 682 appellationem
603 609 744 663 declarari.
758 609 812 662 An.
826 603 1003 664 lteiffonstnel
1021 607 1057 662 de
1103 668 1106 683 ,

47 701 108 754 eppo
121 725 127 740 .
142 699 172 738 n.
223 725 229 738 .

73 893 132 952 ln.
151 887 257 952 vicarii
278 885 426 950 Generalis
436 885 602 964 jnrisdictlo
615 883 716 946 delicit
729 899 769 945 er
782 888 868 962 parte
889 881 982 960 ipsius
1002 901 1058 962 per

46 986 172 1052 mortem,
187 985 217 1039 et
229 976 485 1038 renunciationem
496 973 558 1035 sive
570 989 754 1051 expressam,
769 972 832 1033 sive
848 971 979 1048 tacitam,
990 973 1060 1034 urst

48 1072 135 1130 eloco
145 1067 307 1148 vicariatus
316 1064 485 1142 egrediatur
503 1063 603 1124 animo
617 1079 679 1124 non
694 1061 864 1124 revertendi
879 1079 887 1135 ς
913 1078 953 1122 ex
974 1068 1060 1139 parte

49 1175 110 1218 tero
137 1154 275 1233 Episcopi
301 1152 401 1214 delicit
427 1169 513 1229 :per
539 1153 604 1228 ejus
627 1156 766 1223 mortem,
792 1148 1060 1226 renunciationem,

51 1246 270 1318 translationem,
298 1241 524 1319 depositionem,
551 1237 779 1316 suspensionem
800 1242 851 1312 (l),
875 1245 906 1300 et
928 1238 1062 1300 mandati

51 1335 259 1395 remeationem
273 1337 323 1406 (1).
340 1337 413 1392 llam
431 1345 621 1406 quocumque
642 1329 733 1390 modo
754 1323 920 1404 iurisdictio
945 1329 977 1388 in
999 1326 1062 1405 epi-

52 1441 133 1499 scopo
144 1429 250 1497 cesset,
260 1419 368 1482 eodem
381 1428 478 1480 cessat
491 1417 590 1478 statim
601 1417 631 1477 in
646 1418 711 1494 ejus
721 1415 847 1492 vicarie,
862 1416 932 1477 licet
941 1433 990 1478 res
1002 1433 1063 1477 non

54 1512 83 1572 sit
94 1511 215 1588 amplius
227 1509 351 1584 integra.
372 1507 565 1568 Nihilominus
578 1513 663 1583 gesta
686 1523 741 1582 per
754 1504 902 1568 vicarium
921 1504 1064 1583 ignoran-

53 1607 105 1662 tem
116 1599 251 1678 Episeopi
264 1605 394 1659 mortem
406 1595 504 1658 valida
517 1602 678 1657 censentur
691 1598 743 1669 (3).

80 1757 111 1822 (l)
119 1756 192 1808 idem
203 1753 347 1807 dicendum
357 1753 380 1805 si
390 1753 426 1805 sit
443 1751 899 1805 excommunicatnsnontoleratus.
920 1774 951 1792 ι·
961 1751 998 1819 (1)
1007 1751 1066 1805 cir·

57 1841 82 1878 ea
99 1827 214 1879 mandati
235 1827 431 1878 revocationem
450 1825 625 1876 observemus
639 1837 700 1875 cum
723 1823 886 1876 8111111111
904 1837 937 1876 ea
960 1837 1068 1891 sempor
1177 1883 1178 1888 η

58 1897 194 1950 habendam
209 1911 270 1950 esse
284 1899 413 1948 rationem
427 1909 526 1958 cause,
540 1909 601 1964 que
613 1909 673 1947 eam
685 1895 799 1947 suadeat
810 1912 817 1954 ;
828 1895 897 1948 alias
912 1897 936 1948 sl
953 1895 1066 1948 remotio

58 1968 121 2020 lieret
133 1972 190 2022 sine
205 1969 281 2035 gravi
295 1982 385 2028 causa,
402 1968 527 2020 vicarius
540 1972 633 2034 posset
644 1981 693 2032 per
707 1967 734 2019 S.
749 1963 991 2033 Congregationem
1003 1963 1068 2032 Epi·

59 2053 187 2106 scopernm
209 2043 236 2090 in
251 2055 329 2091 suum
342 2039 458 2090 efficium
473 2038 641 2104 reintegrari.
656 2039 751 2090 Censes
765 2041 855 2089 autem
866 2039 949 2104 justes
963 2037 1067 2090 habon-

59 2112 247 2178 assequentes
264 2131 271 2161 ι
297 2111 320 2161 l·
335 2111 392 2172 list,
408 2111 431 2162 si
445 2111 479 2162 de
495 2109 602 2161 vicario
622 2109 767 2160 audiantur
780 2108 872 2160 multoe
895 2109 1023 2174 querelae.
1039 2109 1067 2162 S.

60 2181 128 2247 Cong.
141 2185 234 2248 Episc.
250 2183 278 2232 in
290 2177 461 2244 Seolotrcnsi
473 2180 501 2231 S.
515 2179 580 2232 Feb.
602 2181 670 2232 1661.
693 2180 719 2229 1·
739 2181 796 2241 Est,
810 2179 918 2245 quondo
931 2193 985 2232 non
999 2180 1069 2233 bene

60 2254 186 2316 gubernat,
201 2268 252 2304 nec
266 2254 407 2305 certiorem
422 2252 486 2303 facit
501 2251 530 2302 S.
554 2251 792 2317 congregationem
816 2251 850 2302 de
871 2251 960 2302 causis
978 2251 1070 2318 magni

60 2326 182 2388 momenti,
195 2327 223 2375 in
240 2325 355 2382 delectu,
370 2324 412 2374 vel
430 2323 553 2374 absentia
566 2323 692 2388 Episcopi
705 2322 732 2372 S.
746 2322 829 2386 Cong.
840 2322 928 2387 Episo.
946 2322 974 2372 iu
988 2321 1069 2385 len-

58 2396 165 2458 gcnlt'ne,
180 2400 207 2446 et
221 2397 249 2446 111
281 2391 410 2446 Trencnso'
431 2394 580 2446 ddecemb.
604 2393 672 2445 1661.
690 2392 715 2443 3·
735 2393 763 2444 Si
777 2393 880 2445 scribet
892 2393 1071 2444 irreverenter

61 2465 201 2518 adsueram
227 2467 476 2530 congregationem,
498 2469 611 2531 ejusque
633 2465 760 2516 Dominos
783 2465 927 2518 Officieles.
945 2465 972 2516 S.
987 2465 1070 2530 Cong.

61 2535 137 2600 Episc.
154 2539 181 2588 in
194 2537 310 2591 Reatina
326 2538 340 2588 3
364 2542 431 2601 sept.
455 2537 524 2588 1661.
539 2537 605 2586 test
629 2536 747 2600 aliquem
761 2535 788 2587 S.
806 2536 839 2588 R.
853 2537 884 2588 ll.
900 2536 1072 2590 CardInalem

62 2606 139 2659 debita
154 2611 304 2660 reverentia
317 2623 370 2659 non
390 2611 494 2659 tractet.
518 2608 545 2658 S.
562 2608 644 2672 (long.
666 2608 756 2674 Episc.
770 2607 799 2658 in
813 2605 961 2661 savonensi
979 2607 1071 2660 19111-

62 2681 136 2732 vemb.
152 2682 220 2732 1615.
234 2683 258 2731 5·
272 2681 300 2730 81
323 2685 414 2731 careat
428 2680 667 2742 circumspectione
681 2684 707 2730 et
721 2680 874 2746 prudentia,
889 2680 952 2731 licet
966 2681 994 2732 in
1007 2680 1072 2732 reli·

63 2751 113 2811 quis
131 2751 242 2804 idoneus
257 2755 344 2804 esset.
366 2753 393 2802 S.
417 2752 498 2816 Cong.
519 2751 610 2816 lrlpise.
636 2751 663 2802 in
676 2749 837 2803 Placenlr‘nn
856 2752 881 2803 11
908 2754 976 2817 sept.
1002 2753 1072 2806 1601.

63 2820 83 2868 6·
94 2821 118 2872 Si
134 2824 379 2875 excommunicatus
400 2823 505 2874 existat.
524 2825 551 2874 S.
566 2823 649 2887 Cong.
664 2821 692 2872 in
707 2820 865 2875 Placentina
882 2823 912 2874 18
925 2825 986 2889 jun.
1002 2824 1072 2876 1619.

64 2890 83 2938 7·
95 2893 118 2942 Si
127 2895 259 2946 mandatis
270 2895 304 2945 S.·
315 2895 535 2959 Congregetionls
548 2893 659 2945 obedire
678 2896 784 2945 renuet.
798 2894 825 2945 S.
841 2893 924 2960 Cong.
938 2895 1030 2961 Epist.
1044 2896 1073 2948 in

64 2959 191 3017 lerinensi
208 2966 236 3016 lt
250 2979 311 3030 aug.
328 2967 395 3018 1613.
411 2967 435 3016 8·
450 2965 478 3016 Si
492 2966 622 3018 oriundus
639 2966 766 3017 1111111111
790 2965 885 3018 eadem
907 2966 1016 3019 civitate
1029 2967 1073 3020 vel

65 3031 168 3086 diecesi
184 3037 210 3088 S.
229 3037 311 3100 Cong.
327 3036 355 3086 in
372 3035 513 3090 Oslunensr'
533 3038 564 3088 28
583 3036 636 3102 jul.
666 3037 736 3100 1851,
755 3040 780 3088 11
801 3035 831 3086 in
853 3035 914 3088 aliis
936 3037 1073 3102 pluribus.

66 3102 173 3160 11111111
187 3109 264 3160 verb.
283 3105 403 3160 Vicero‘er
417 3103 552 3160 Generalis
565 3112 616 3160 art.
630 3109 655 3170 1,
670 3123 697 3159 n.
716 3109 754 3161 19.
771 3107 873 3160 Eadem
888 3107 971 3160 habet
983 3108 1074 3161 Pelle·

66 3177 147 3237 grlnus
160 3181 188 3230 in
202 3181 283 3231 Pras.
301 3184 365 3231 sect.
380 3179 404 3244 2,
419 3179 537 3231 subseet.
552 3179 576 3241 6,
590 3193 617 3230 1.
633 3180 688 3232 111
702 3193 776 3245 seqq.
793 3180 874 3231 Notat
889 3184 979 3231 tamon
993 3180 1031 3231 ibi
1045 3195 1074 3233 n.

66 3245 98 3307 11,
111 3251 188 3314 quod,
203 3251 431 3302 excommunicato
449 3250 565 3313 Vicnrio,
589 3265 643 3302 non
657 3257 744 3303 cesset
759 3251 913 3317 jurisdictio
935 3251 964 3301 in
980 3252 1076 3304 Prori-

68 3320 228 3380 artemone
251 3321 295 3372 hic
317 3323 417 3374 habent
436 3323 653 3387 jurisdictionem
666 3323 700 3374 ah
716 3323 859 3389 Episcopo,
882 3334 973 3374 nona
996 3323 1075 3378 Vioa·

68 3389 100 3438 rio
115 3392 156 3458 (3).
172 3394 273 3444 Vicarli
289 3394 435 3446 Generales
454 3394 572 3446 habendi
591 3409 644 3446 non
667 3399 739 3458 sunt,
754 3401 784 3446 ut
797 3395 855 3447 veri
875 3392 996 3459 Praelati,
1010 3395 1076 3461 quia

68 3465 221 3529 nonnative,
235 3467 283 3516 sed
307 3466 397 3516 dativa
418 3467 605 3530 jurisdictione
628 3467 747 3530 pollent;
771 3480 859 3532 neque
876 3469 940 3518 sunt
957 3468 1075 3532 capitulo
1175 3519 1177 3524 .

69 3534 203 3586 cathedrali
216 3539 378 3603 superiores,
393 3538 459 3602 quia
471 3538 618 3603 capitulum
632 3539 691 3604 ipso
699 3539 760 3604 lure
774 3539 1076 3605 episcopalemjurisdl·
1119 3520 1122 3525 ’

68 3603 419 3675 11111111111111111111111,
432 3609 496 3662 sede
509 3609 599 3675 plena,
616 3616 643 3664 et
652 3611 681 3662 in
694 3614 766 3676 netu,
780 3609 845 3663 sede
854 3614 968 3662 vacante
979 3626 987 3672 ;
997 3611 1077 3664 Vina·

937 3697 976 3752 10.
