2546 4082
517 243 620 299 -aat
641 271 677 285 —

112 366 187 423 273.
208 367 329 425 lurtum
343 371 384 424 ast
399 365 586 424 contrectatio
600 363 800 440 fraudulenta
823 365 869 424 rci
887 363 990 424 aliena
1012 363 1114 424 aalma

70 451 293 526 lucrifaciendi
306 453 403 529 ipsam
419 470 494 523 rem,
514 452 559 513 ool
583 454 645 528 ejas
661 469 762 527 mam,
773 452 818 512 ool
831 454 1049 529 possessionem,
1064 453 1114 512 in-

67 542 139 600 vito
156 541 375 601 rationabiliter
388 542 517 620 domino.
538 546 761 617 consequenter
781 542 892 601 lurtum
908 541 1113 614 committitur,

70 647 158 690 cum
171 631 346 689 auferuntur
359 629 432 706 ipsae
452 647 501 689 res
520 632 692 707 corporales
710 629 846 703 mobiles,
868 646 938 690 cum
955 631 1115 705 impeditur

70 735 193 778 earum
206 735 289 792 usus,
305 725 338 778 ut
350 719 376 778 si
390 735 453 778 rem
472 720 603 778 locatam
618 721 735 778 locator
745 719 869 792 auferat,
885 727 935 778 aut
949 719 1116 778 conductor

71 824 116 867 ea
130 813 245 882 praeter
259 807 488 868 conventionem
502 813 618 880 utatur3
643 813 673 867 et
698 824 767 866 cum
784 807 912 867 violatur
927 823 1029 866 earum
1043 823 1116 882 pos-

72 895 196 969 sessio,
211 901 245 954 ut
260 895 285 954 si
299 895 408 973 pignus
422 914 440 955 a
456 896 604 956 creditore
618 897 778 968 auferatur,
795 901 846 954 ant
860 894 999 968 creditor,
1016 895 1115 955 soluto

73 984 201 1057 debito,
213 984 321 1060 pignus
335 985 496 1060 possideat.
512 985 570 1045 Sed
582 1003 637 1062 pro
652 984 824 1044 diversitate
839 1001 949 1056 rerum,
963 1001 999 1042 ac
1014 986 1116 1044 modo

74 1089 167 1147 rum,
182 1071 290 1148 quibus
299 1073 501 1146 committitur,
517 1073 636 1134 diversa
648 1073 771 1134 sortitur
786 1072 916 1133 nomina.
928 1072 1044 1132 Etenim
1054 1073 1117 1132 lur-

76 1167 154 1222 tum
173 1160 367 1220 commissum
389 1160 419 1219 in
440 1160 560 1221 bomine
581 1161 676 1221 libero
699 1161 820 1238 proprie
838 1161 947 1220 dicitur
970 1161 1116 1236 plopicrm,

77 1251 171 1326 quod
185 1249 216 1308 in
229 1250 332 1308 Exodo
344 1249 466 1324 punitur
478 1255 575 1310 morte
589 1269 596 1309 :
614 1250 670 1320 Oai
678 1251 800 1326 furatus
809 1251 902 1326 faerit
916 1250 1080 1323 bominem,
1091 1257 1118 1308 ct

76 1337 251 1398 vendiderit
266 1353 343 1410 cum,
359 1339 505 1398 conuictus
527 1356 612 1398 noca
634 1345 729 1397 mortc
749 1340 898 1398 moriatur
922 1343 972 1410 (l).
998 1343 1119 1397 Furtum

80 1426 284 1488 commissum
297 1426 443 1486 violenter
457 1435 562 1487 contra
575 1427 730 1486 dominum
744 1427 851 1486 dicitur
866 1427 990 1503 rapiam
1005 1443 1083 1502 quae,
1094 1427 1119 1485 si

79 1516 181 1576 datin
190 1514 264 1575 mari
272 1521 377 1575 contra
389 1515 554 1576 catholicos
566 1532 618 1576 eos
627 1515 793 1591 spolianda,
806 1514 928 1589 punitur
942 1531 1118 1574 excommu-

81 1604 239 1664 nicatione
250 1618 367 1664 summo
377 1603 510 1664 Pontifici
522 1612 685 1678 reservata,
695 1621 713 1662 a
722 1621 782 1679 qua
796 1602 957 1674 absolutio,
969 1603 1028 1662 nisi
1041 1605 1120 1662 iacta

82 1691 287 1764 restitutione,
308 1708 368 1750 non
390 1687 478 1751 datur
501 1697 551 1764 (t).
572 1698 693 1752 Furtum
711 1691 906 1751 comudssmn
929 1691 1119 1751 exturbando

85 1786 227 1840 armenta
248 1797 266 1838 a
287 1779 416 1854 pascuis,
432 1797 527 1856 caque
542 1780 741 1856 surripiendo,
757 1778 866 1839 dicitur
880 1779 1042 1854 oblocutus,
1058 1778 1121 1839 sive

85 1871 235 1944 obiculas.
251 1873 372 1928 Furtum
386 1867 514 1944 denique
530 1869 724 1929 commissum
747 1868 777 1926 in
799 1866 920 1942 publico
936 1867 1054 1941 aerario,
1070 1873 1121 1926 aut

86 1958 122 2019 in
137 1955 266 2032 pecunia
278 1955 419 2015 Ecclesiae
434 1959 472 2017 ab
487 1974 534 2030 eo,
550 1958 636 2033 cujus
649 1957 719 2016 fidei
741 1957 796 2016 fuit
810 1955 930 2028 tradita,
946 1956 1055 2016 dicitur
1071 1973 1120 2032 pe·

88 2047 220 2108 calatas.
239 2049 383 2104 Caeterum
397 2046 522 2105 clericus
537 2046 607 2106 furti
621 2045 769 2106 manifesti
791 2061 871 2118 reus,
886 2053 916 2104 et
939 2045 1120 2104 condemne-

87 2143 152 2208 tuS,
171 2134 209 2192 ab
228 2132 342 2206 ordine,
365 2139 395 2192 et
418 2134 517 2193 oldcio
537 2140 583 2194 est
602 2134 799 2211 deponendus
813 2136 871 2206 (3);
889 2139 918 2193 et
933 2132 958 2192 si
972 2133 1122 2194 recidivus

89 2225 140 2296 sit,
157 2221 464 2282 excommunicandus
479 2229 509 2282 et
522 2223 755 2298 degradandus(
775 2229 796 2294 ).

129 2312 171 2372 nd
194 2317 315 2371 Furtum
335 2311 462 2370 refertur
483 2311 573 2370 etiam
586 2329 687 2384 usura,
703 2310 816 2370 scilicet
833 2310 951 2370 lucrum
964 2311 1044 2370 ultra
1057 2327 1122 2369 sor-

91 2408 165 2472 tem,
181 2398 262 2475 quod
277 2415 316 2457 ex
329 2415 414 2458 mero
436 2405 540 2459 mutuo
558 2401 671 2476 absque
689 2399 748 2458 alio
767 2399 851 2458 titulo
865 2399 1037 2474 percipitur.
1055 2405 1123 2458 Haec

91 2506 194 2561 usura,
219 2505 286 2562 quae
310 2505 328 2546 a
356 2488 532 2547 Ductoribus
555 2489 722 2564 appellatur
742 2488 843 2547 stricte
862 2487 1022 2557 lucrativa,
1042 2488 1124 2548 omni

89 2580 159 2655 jure
173 2575 301 2637 naturali
317 2580 370 2648 (5),
385 2576 487 2635 divino
502 2580 551 2646 (d),
576 2583 606 2636 et
627 2577 831 2636 ecclesiastico
848 2579 888 2648 (7)
902 2576 1054 2652 prohibita
1068 2581 1124 2648 est,

93 2675 125 2728 et
139 2666 190 2742 qui
206 2681 273 2724 eam
287 2671 424 2737 exercet,
436 2671 588 2740 tamquam
600 2666 649 2724 fur
664 2671 781 2724 tenetur
790 2664 829 2723 ad
839 2665 915 2724 lucri
930 2664 1064 2739 percepti
1077 2681 1125 2724 rc-

94 2755 280 2816 slitutionem
303 2757 355 2826 (8),
377 2754 410 2813 fit
432 2753 560 2827 infamis,
580 2755 701 2828 quando
720 2769 812 2812 usura
834 2760 879 2813 est
902 2753 1127 2824 manifestabo

94 2851 256 2920 propterea
270 2842 488 2917 irregularitate
508 2850 628 2902 notatur
642 2847 695 2915 (9),
716 2842 870 2918 repellitur
884 2861 903 2901 a
915 2842 1127 2901 communione

96 2933 209 3005 altaris,
226 2949 243 2990 a
258 2931 411 3006 sepultura
425 2930 638 3001 ecclesiastica,
654 2947 710 2990 nec
726 2931 789 3006 ejus
803 2929 986 3005 recipiuntur
1000 2930 1056 3004 piae
1071 2929 1125 2987 ob-

95 3021 234 3092 lationeS,
245 3019 311 3092 nisi,
322 3019 348 3078 si
359 3013 464 3096 pos'sil,
474 3018 678 3092 restituat,ch
693 3019 730 3079 de
744 3019 929 3078 restituendo
945 3024 1048 3078 caveat
1056 3020 1124 3088 (tc).

98 3109 229 3170 Clericus
242 3107 372 3183 denique
387 3106 626 3182 suspendendus,
641 3114 692 3167 ant
706 3107 901 3183 deponendus
915 3113 976 3180 est,
993 3115 1022 3166 cl
1033 3105 1127 3165 laicus

97 3197 405 3259 excommunicandus
418 3201 487 3269 (ll).

129 3336 164 3401 (l)
179 3335 264 3387 Exod.
278 3349 301 3386 c.
316 3335 355 3386 21.
374 3335 504 3400 Raptores
520 3349 584 3387 vero
598 3331 744 3386 mulierum
760 3349 793 3388 ex
807 3336 914 3387 decreto
928 3335 956 3385 S.
974 3333 1125 3397 Congrege-

100 3408 179 3460 lionis
194 3407 307 3458 Concilii
322 3407 483 3458 contrahunt
497 3407 555 3472 ipso
567 3408 630 3472 jure
641 3407 952 3468 excommunicationem,
963 3406 1068 3456 etiamsi
1079 3417 1128 3454 eas

98 3493 153 3530 non
168 3481 275 3544 rapiant
288 3479 323 3528 ud
345 3477 466 3529 effectum
481 3478 657 3544 contrahendi
671 3493 732 3529 cum
753 3479 792 3529 eis
808 3477 1018 3529 matrimonium.
1035 3475 1124 3526 Giral-

99 3552 151 3602 dus
165 3550 199 3601 ad
214 3564 273 3614 cap.
289 3549 314 3612 6,
336 3563 403 3600 sese.
424 3549 455 3599 tt
482 3549 554 3600 Trid.
569 3549 602 3601 de
626 3551 673 3601 rel.
695 3579 726 3588 -
739 3550 775 3615 (1)
799 3551 859 3602 Bul.
875 3549 965 3612 Carta,
984 3552 1010 3599 et
1025 3562 1083 3612 cap.
1101 3546 1126 3610 3,

100 3623 248 3693 deceptor.
264 3625 315 3678 etc.
330 3648 358 3658 -
374 3621 409 3690 (3)
424 3621 489 3675 Can.
508 3623 546 3686 li,
561 3621 622 3675 dist.
642 3623 681 3675 81.
698 3649 729 3661 -
742 3623 776 3688 (l)
796 3622 863 3688 Gap.
880 3620 917 3682 to,
929 3621 962 3673 de
978 3619 1062 3688 judic.
1078 3617 1125 3670 In·

172 3707 174 3710 ’
987 3709 1025 3764 16.
