2546 4082
632 122 794 180 ..254-

191 247 310 318 rantur,
323 242 491 322 aPrincipe
502 243 551 304 rel
564 242 734 318 lfagistratu
744 241 942 318 dependeant.
954 239 1038 301 Ratio
1049 243 1139 300 autem
1147 244 1189 311 est,

191 331 404 410 queminus
418 331 498 407 viget
511 331 671 392 similitudo
684 332 761 392 inter
775 329 1000 392 conservatoria
1014 327 1192 400 saeculariam

190 421 348 481 mulares
362 421 632 495 confraternitates,
649 429 680 480 at
698 421 738 481 da
750 419 894 480 similibus
907 412 987 479 idem
1000 418 1146 478 ferendum
1152 417 1189 492 ju·

189 509 309 582 dicium,
325 509 376 568 ubi
392 509 498 570 eadem
512 517 558 570 est
572 510 657 585 ratio,
673 518 706 570 ut
719 510 750 569 in
765 527 850 583 casu,
870 508 939 586 quia
954 506 1190 568 confraternitates

183 595 302 661 inientes
326 597 404 658 inter
429 616 538 674 operas
563 606 678 660 tantum
702 599 788 675 pias,
815 606 844 660 et
868 615 929 658 non
952 594 1191 657 ecclesiasticae

183 687 360 749 Ductoribus
372 696 585 762 recensentur,
607 687 725 764 etquis
745 686 880 762 in-praxi
902 686 942 746 ita
962 688 1133 746 observatur
1149 685 1189 754 (1).

218 779 316 848 Quare
328 783 444 852 spectat
458 778 497 839 ad
506 776 688 854 Episcopum
702 777 831 854 probare
845 775 1025 848 institutum,
1040 771 1189 850 permittere

181 861 359 939 functiones,
369 865 471 926 videre
484 883 523 926 an
538 883 630 926 onera
644 864 804 926 missarum
816 865 1043 940 adimpleantur,
1055 879 1093 922 an
1105 861 1190 922 obser·

180 961 289 1014 ventur
303 953 496 1016 ecelesiastici
513 955 598 1029 ritus,
619 961 649 1016 et
670 955 727 1016 alia
740 955 841 1015 omnia
856 953 993 1030 dirigere,
1010 969 1077 1028 quae
1090 949 1190 1027 spiritu·

179 1039 237 1102 atta
251 1045 391 1116 sunt,ch
410 1059 480 1106 cum
503 1043 706 1119 spiritualibus
728 1043 897 1106 necessario
917 1041 1133 1118 conjunguntur
1148 1043 1187 1112 (1).

180 1131 213 1187 ln
226 1129 291 1190 aliis
303 1147 389 1206 varo,
407 1149 474 1210 quaa
488 1135 665 1209 temporale,
681 1140 712 1194 et
731 1132 953 1193 oeconomicum
967 1131 1100 1208 regimen
1111 1125 1189 1201 respi-

181 1217 271 1292 ciunt,
287 1221 438 1295 praedictae
458 1237 542 1282 mare
560 1221 679 1282 laicales
702 1220 962 1282 confraternitates
984 1237 1003 1279 a
1023 1217 1100 1279 cirili
1118 1221 1188 1278 Pete

181 1311 257 1370 state
271 1309 442 1386 dependent
457 1314 468 1383 (
487 1316 510 1383 ).

212 1455 248 1520 (1)
263 1457 312 1509 cit.
328 1457 379 1510 loc.
395 1473 422 1510 n.
440 1457 477 1517 lt,
492 1461 519 1510 ct
532 1457 650 1522 Richeri,
670 1459 717 1524 qui
741 1457 892 1523 exemplum
909 1456 988 1521 ponit
1001 1453 1155 1521 generaliter
1166 1452 1189 1501 in

180 1527 452 1582 Confraternitatibus
468 1531 565 1581 erectis
580 1530 607 1578 in
623 1529 744 1582 ecelesiis
758 1529 839 1580 Univ.
849 1528 950 1593 Jurisp.
969 1527 1016 1578 lib.
1032 1528 1056 1586 2,
1071 1523 1187 1576 11137.-

178 1599 213 1662 (1)
227 1599 260 1650 ln
278 1599 404 1652 Biblioth.
423 1601 505 1653 Verb.
521 1599 750 1666 Oonsrcterna'tor.
766 1627 797 1638 -
812 1599 846 1665 (3)
858 1599 917 1651 ius.
932 1599 996 1650 eccl.
1015 1599 1033 1650 l.
1046 1598 1070 1660 2,
1084 1611 1104 1648 c.
1120 1596 1154 1653 ll,
1166 1608 1187 1644 n.

178 1669 209 1721 78
227 1674 253 1721 et
271 1685 345 1738 seqq.
361 1699 392 1710 -
409 1672 444 1737 (f)
464 1673 503 1724 De
518 1671 612 1736 Regul.
629 1673 695 1724 disc.
717 1673 747 1723 50
765 1677 793 1724 et
815 1673 848 1724 de
869 1671 972 1722 durisd.
990 1669 1058 1720 dise.
1072 1669 1108 1718 15.
1122 1665 1187 1727 -(5)

178 1741 371 1805 spiritualibus
393 1745 546 1796 necessarie
570 1757 698 1794 connexae
719 1743 772 1794 dici
789 1743 888 1794 debent
908 1741 977 1806 ipsae
1003 1733 1188 1796 Ecclesiam

179 1812 1186 1880 mmmfflfflmmmmcmmwaemmmmmfflmma

175 1885 245 1934 toria
258 1887 401 1949 pertinent,
415 1887 485 1951 quod
502 1885 622 1938 concedit
638 1889 736 1937 citatus
755 1885 863 1936 Richeri
877 1901 903 1935 n.
927 1885 971 1935 137
988 1885 1017 1934 in
1031 1886 1094 1944 not.;
1107 1881 1148 1946 qui
1160 1878 1187 1928 da

175 1955 258 2006 nimie
278 1956 306 2006 in
320 1957 468 2009 Ecclesiam
483 1960 573 2010 favore
587 1971 641 2010 uon
655 1961 744 2022 potest
763 1971 823 2010 esse
838 1959 989 2020 suspectus.
1005 1982 1035 1992 —
1051 1955 1086 2018 (6)
1103 1949 1185 2016 Respi-

175 2026 406 2092 ciuntttemporala
420 2031 541 2094 regimen
555 2043 645 2082 causae
655 2029 809 2094 judiciales,
825 2031 987 2085 contractus,
1006 2027 1134 2078 bonorum
1147 2020 1185 2071 ad·

174 2099 394 2160 ministrationes,
409 2101 611 2167 acquisitiones,
633 2103 660 2152 et
682 2101 867 2154 alienationes.
883 2099 922 2152 De
942 2099 1016 2151 Luca
1037 2097 1066 2148 in
1088 2091 1184 2147 Miscell.

175 2169 241 2224 disc.
262 2171 283 2231 l,
298 2185 324 2223 n.
341 2172 381 2235 at,
392 2175 419 2224 et
432 2173 465 2225 de
480 2173 588 2225 alienat.
602 2187 629 2224 n.
648 2172 687 2224 11.
1025 2177 1026 2182 ’

212 2361 275 2418 stt.
290 2357 552 2418 Confraternitates
563 2364 598 2418 ut
610 2375 643 2418 ae
653 2358 813 2418 liberarent
825 2375 843 2417 a
850 2356 1054 2434 jurisdictione
1066 2351 1185 2431 Episcopi

175 2445 289 2523 plures,
304 2447 357 2508 sed
375 2446 493 2508 inutiles
512 2447 633 2507 edidere
652 2453 786 2507 conatus
808 2446 940 2506 Primum
954 2463 987 2506 se
1000 2445 1184 2506 submiserunt

174 2535 378 2612 Regularibus,
393 2535 425 2594 in
443 2552 573 2613 quorum
587 2537 727 2596 Ecclesiis
743 2534 798 2594 sibi
813 2535 1032 2595 constituerunt
1047 2535 1182 2603 sacellum,

173 2623 234 2686 sive
249 2625 351 2698 altare,
366 2624 442 2684 adeo
456 2630 489 2682 ut
507 2641 577 2684 cum
590 2624 719 2700 regulari
733 2623 841 2684 familia
861 2624 899 2683 ab
920 2624 1068 2700 Episcopo
1084 2621 1182 2683 obtine·

173 2719 241 2772 rent
254 2711 494 2788 exemptionem3
518 2714 572 2772 sed
594 2717 622 2772 S.
641 2713 761 2772 concilii
781 2712 974 2788 congregatio
995 2729 1080 2788 spem
1093 2727 1182 2786 ampu-

173 2801 256 2874 tavit,
267 2803 340 2862 dum
353 2799 464 2876 pluries
475 2801 617 2877 delinivit,
629 2802 889 2862 confraternitates
898 2802 1042 2860 laicorum
1053 2802 1084 2860 in
1096 2799 1182 2859 Eccle-

172 2889 223 2950 siis
244 2889 434 2966 Regularium
453 2888 601 2950 institutas
622 2890 760 2966 Episcopi
776 2889 982 2964 jurisdictioni,
999 2897 1029 2950 et
1042 2883 1181 2949 visitationi

170 2981 294 3044 subesse
303 2983 354 3050 (1).
367 2977 477 3038 Deinde
489 2979 867 3048 Archiconfraternitatibus
878 2983 979 3038 Romae
992 2977 1179 3045 existentibus,

170 3073 221 3131 aut
242 3066 374 3143 capitulo
394 3071 422 3126 S.
438 3066 560 3126 loannis
573 3067 603 3126 in
618 3073 762 3127 Laterano
777 3067 933 3144 aggregari
947 3067 1104 3142 petierunt,
1118 3063 1180 3123 adeo

170 3163 203 3224 ut
215 3155 330 3220 ¹eisdem
343 3155 512 3219 immediate
527 3162 626 3216 essent
637 3157 789 3233 subjectae,
805 3163 835 3216 et
854 3156 898 3216 sic
917 3157 1046 3216 evadere
1060 3147 1180 3230 Episcopi

169 3245 384 3330 subjectionem
407 3252 551 3321 possent,
573 3262 680 3305 rerum
703 3262 800 3320 neque
825 3245 884 3304 hoc
904 3243 1036 3306 medium
1063 3239 1177 3320 profuit:

169 3348 239 3395 nam
254 3335 388 3395 clemens
398 3337 458 3394 vill
470 3339 500 3393 et
513 3333 620 3394 Paulus
631 3337 664 3408 V,
680 3339 710 3393 et
722 3340 827 3408 postea
841 3337 870 3394 S.
888 3332 1081 3409 congregatio
1094 3329 1178 3390 decla·

167 3422 253 3500 rapit,
279 3422 369 3484 etiam
388 3423 484 3487 taliter
505 3428 681 3500 aggregatas
702 3422 961 3487 confraternitates
977 3439 1045 3484 esse
1058 3413 1178 3499 Episcopi

163 3508 361 3588 jurisdictioni
375 3511 520 3575 obnoxias
534 3517 585 3586 (t).
