2546 4082
645 239 805 298 -232-

218 365 284 416 Post
296 364 355 416 hee
366 363 456 415 edhuc
470 363 612 430 sequentis
624 359 791 415 observande
805 359 929 412 ducimus
941 375 948 411 ε
962 359 988 412 ¹⁶
1001 359 1144 414 ordinum
1157 357 1232 426 lie'gn

217 435 315 487 lorium
328 435 497 503 approbatio,
513 437 540 487 et
562 439 749 493 conventuum,
763 446 795 484 ec
814 432 1043 484 monasteriorum
1057 433 1163 484 erectio
1184 447 1232 499 spe·

216 507 314 557 stated
324 507 351 558 S.
361 505 468 565 Sedem.
481 506 553 572 quod
562 508 682 556 omnium
691 506 884 568 episcoporum
895 505 989 567 praxis
998 505 1082 555 etiem
1094 505 1229 566 confirmet,

162 641 167 648 .
215 577 323 642 quondo
337 578 371 630 de
393 577 564 628 monasteriis
584 577 673 642 egitur
695 580 818 626 votorum
840 573 1008 625 solemnium.
1028 575 1096 638 Cep.
1122 576 1190 626 unic.
1205 577 1230 626 de

151 667 161 692 ο
215 647 349 702 excessib.
371 649 474 715 praelat.
490 649 519 698 in
532 649 562 706 6;
576 652 605 698 et
622 645 677 697 bul.
692 644 883 698 Iratcurorrdn
904 645 1055 696 Innocentii
1072 645 1110 696 X.
1130 647 1156 696 p·
1174 647 1230 697 Vota

214 721 314 771 emisse
328 719 356 771 in
369 719 472 779 ordine,
486 724 513 771 et
526 723 667 776 conventu,
682 717 726 767 vel
740 716 902 767 monasterio
918 729 934 766 a
948 715 975 768 S.
991 716 1062 768 Sede
1075 730 1132 768 non
1146 731 1229 782 appro-

213 790 287 850 neto.
301 790 345 842 vel
366 797 463 852 erecto,
478 793 591 856 possunt
615 801 674 840 esse
696 791 801 838 tantum
818 786 959 853 simplicia,
974 790 1002 838 at
1022 801 1078 838 non
1100 788 1226 846 solemnis,

211 859 283 925 quod
297 861 401 925 pluries
415 859 560 912 declaravit
579 859 605 911 S.
622 859 810 924 congregatio,
824 862 851 909 et
864 858 1018 922 praesertim
1030 859 1081 909 ille
1094 859 1226 924 Episcopo·

211 944 272 984 rum
287 934 315 982 et
327 929 564 996 Reguieriumdie
579 930 608 982 16
622 929 742 981 decemb.
761 929 831 980 1836.
847 929 872 979 3⁰
882 929 1045 988 Conventus,
1061 932 1089 980 et
1102 933 1226 981 moneste-

211 1001 252 1052 rie
265 1003 381 1052 etiams
403 999 528 1053 civilibus
550 1001 656 1066 legibus
680 1000 817 1051 destructa
838 1003 976 1066 nequount
993 1001 1022 1050 'ru
1041 1001 1186 1066 pristinum
1203 1002 1227 1051 in

209 1085 288 1124 veros
310 1075 466 1131 conventus.
481 1084 513 1123 eo
534 1072 697 1124 monasteria
720 1073 845 1122 votorum
867 1071 1027 1122 solemnium
1049 1073 1159 1131 remitti,
1182 1073 1225 1122 nisi

209 1141 237 1195 S.
250 1142 328 1196 Sedis
342 1144 488 1196 auotoritas
502 1143 630 1194 ecmdet:
653 1143 777 1206 plurimae
798 1142 870 1193 enim
884 1143 918 1192 ed
931 1141 983 1193 hoo
999 1142 1188 1194 stabiliendum
1203 1149 1226 1193 et

210 1214 424 1266 confirmandum
437 1213 519 1266 edire
532 1215 642 1266 luerunt
657 1214 805 1264 Pontificiae
820 1213 1019 1278 dispositiones,
1030 1227 1092 1279 quae
1112 1215 1221 1266 referun-

209 1287 254 1336 tur
268 1285 303 1334 ab
319 1287 436 1336 Auctore
450 1285 571 1336 Analect.
590 1283 666 1335 iuris
676 1284 806 1334 Pontificii
818 1283 852 1334 ad
866 1297 910 1334 an.
927 1283 994 1334 1857.
1010 1285 1036 1335 4⁰
1053 1283 1124 1335 Vote
1137 1287 1223 1336 emissa

209 1353 305 1405 osiris
322 1354 403 1405 choro
419 1354 534 1405 addictis
546 1355 575 1405 in
590 1354 731 1405 ordinibus
752 1355 909 1419 approbetis
922 1359 984 1405 ente
998 1369 1092 1406 eorum
1106 1367 1221 1422 suppres-

208 1425 322 1485 sionem,
333 1425 414 1476 etiam
424 1428 485 1489 post
493 1425 713 1492 suppressionem
724 1425 857 1477 servanda
867 1429 930 1476 sunt
942 1429 1080 1490 tamquam
1094 1425 1220 1484 solemnia,

208 1497 272 1561 quis
288 1495 362 1562 leges
378 1495 472 1548 civiles
489 1497 647 1548 eorumdem
664 1496 721 1546 vim
738 1509 772 1546 ne
792 1496 834 1547 vel
849 1497 990 1549 minimum
1004 1497 1116 1562 quidem
1128 1502 1220 1548 mutare

207 1572 330 1632 possunt.
350 1568 474 1618 Diximus
499 1580 515 1617 a
536 1567 603 1618 viris
626 1567 706 1617 choro
730 1567 854 1630 addictis,
875 1568 938 1632 quia
961 1582 1150 1620 conversorum
1168 1573 1220 1619 vote

207 1638 369 1704 quandoque
388 1638 523 1689 habentur
540 1642 677 1703 tamquam
695 1637 829 1702 simplicia
846 1639 881 1689 ab
895 1639 955 1705 ipse
972 1639 1000 1689 S.
1017 1639 1216 1704 Gangregutioue

209 1707 405 1773 Episcoporum
419 1711 446 1760 et
462 1708 649 1774 Regulerium,
666 1711 696 1759 ut
710 1709 744 1760 ab
759 1722 791 1760 aa
804 1707 969 1760 declaratum
983 1709 1034 1760 fuit
1048 1710 1081 1761 de
1095 1711 1217 1761 conversis

205 1777 421 1838 Benedictorum
436 1785 463 1831 et
476 1779 682 1845 Trappensium
701 1782 770 1832 teste
783 1780 900 1831 Auctore
915 1781 982 1832 Inst.
999 1794 1058 1832 oen.
1074 1781 1134 1832 edit.
1148 1781 1215 1830 Peri-

205 1847 255 1899 siis
276 1862 319 1900 en.
336 1850 406 1914 1853,
421 1852 484 1902 tom.
501 1850 523 1913 i,
538 1863 601 1916 pag,
614 1849 668 1902 469.
690 1853 716 1902 5⁰
729 1851 799 1902 Vota
820 1852 920 1903 emissa
942 1865 958 1902 a
981 1851 1143 1904 Monielibus
1163 1855 1215 1901 ante

204 1932 301 1971 earum
315 1921 533 1986 suppressionem
548 1921 575 1972 in
590 1921 683 1972 ordine
697 1936 713 1974 a
726 1922 752 1972 S.
768 1921 837 1972 Sede
851 1923 999 1988 approbato
1013 1927 1077 1974 sunt
1090 1923 1213 1980 solemnia,

205 1994 234 2042 et
247 1990 328 2042 etiem
348 1993 409 2055 post
428 1993 646 2056 suppressionem
665 1995 801 2058 proprium
815 1995 870 2044 vim
883 1998 1000 2054 servent,
1020 1998 1048 2046 et
1060 1995 1097 2045 ita
1108 1995 1153 2044 fuit
1164 2007 1178 2043 a
1189 1993 1212 2042 S.

205 2061 416 2128 congregatione
437 2063 586 2126 delinitum,
601 2067 631 2114 ut
650 2065 732 2115 refert
745 2064 846 2116 Auctor
865 2065 1066 2116 praelectam.
1085 2066 1144 2116 Cen.
1156 2064 1208 2114 edit.

203 2131 317 2186 Parisiis
331 2147 375 2185 an.
393 2133 461 2193 1859,
477 2139 540 2186 tom.
555 2135 579 2193 2,
594 2148 655 2200 peg.
676 2136 729 2186 222.
754 2135 780 2185 δ’
793 2135 861 2186 Vota
875 2149 938 2186 vero
956 2137 1111 2188 Mouieiium
1128 2135 1211 2185 Gellio

205 2209 232 2254 et
245 2203 332 2269 Belgii
346 2209 407 2271 post
421 2205 640 2271 suppressionem
653 2207 754 2257 emisse
766 2206 891 2258 habende
901 2211 1003 2258 suutut
1015 2207 1140 2272 simplicia
1150 2225 1155 2266 ς
1164 2205 1208 2255 hoc

173 2301 183 2324 ·
203 2279 308 2326 constet
322 2290 356 2326 ex
369 2275 550 2328 declaratione
563 2277 589 2327 S.
607 2277 818 2330 Poenitentiariee
835 2278 868 2328 de
885 2279 1010 2329 mandato
1029 2279 1071 2330 Pii
1086 2277 1143 2330 VHI
1160 2275 1206 2325 diei

203 2346 232 2396 19
244 2351 322 2396 mart.
338 2346 406 2408 18293
421 2352 448 2398 et
461 2361 494 2398 ex
508 2361 637 2413 responso
654 2349 777 2413 ejusdem
792 2349 1003 2400 Poeniteutieriae
1016 2349 1051 2401 ad
1063 2349 1204 2414 Episcopum

202 2417 430 2469 Cenomanensem
444 2432 488 2469 sn.
504 2419 573 2478 1836,
589 2419 616 2468 in
631 2431 684 2484 quo
703 2420 740 2470 itu
754 2420 869 2484 iegitur:
886 2420 927 2472 En
942 2420 1044 2484 plumes
1058 2418 1142 2472 dmm
1152 2420 1204 2468 ura

202 2487 363 2541 maniatium
376 2489 407 2540 tn
421 2485 507 2542 Gotttu
521 2489 563 2542 uti
576 2489 710 2553 simplicio
721 2504 739 2542 u
752 2486 781 2542 S.
796 2485 1016 2555 Sedrmstimuri,
1030 2493 1092 2558 quie
1104 2491 1144 2540 iliu
1156 2499 1203 2536 no-

202 2560 321 2610 nasterie
331 2571 385 2612 non
399 2563 539 2626 tamquam
552 2559 667 2624 ordines,
681 2564 706 2612 et
722 2561 830 2628 proprie
844 2561 971 2627 relictori,
984 2561 1030 2615 sed
1042 2565 1073 2616 ui
1084 2559 1200 2627 piissima-

201 2639 266 2681 rum
278 2628 391 2695 sumite
404 2631 573 2698 seminarum
588 2631 767 2686 estimantur.
