2468 4090
597 195 759 251 -ltts-

188 316 326 380 Similiter
346 313 493 392 predicta
514 315 618 392 regula
636 313 863 391 mmprehendit
881 331 926 386 ea,
942 331 1009 390 quae
1023 312 1187 391 spiritualia
1221 309 1222 380 ζ

158 404 502 481 matemautensem
526 405 604 464 ferre
627 402 955 476 excommunicationis,
971 401 1186 479 suspensionis,

160 503 191 558 et
201 493 368 566 interdicti,
385 509 546 570 processus
561 493 712 553 conticere
725 508 817 569 super
829 492 909 552 fama
921 491 1073 564 virtutum,
1087 497 1117 551 et
1130 491 1187 549 mi·
1221 541 1222 544 ,

159 587 331 647 seculorum
343 598 499 643 servorum
521 580 572 642 llei
595 584 664 655 (12),
684 586 713 640 et
731 583 855 641 modurn
869 582 1022 653 horarum,
1036 578 1186 654 divinique
1221 601 1222 648 3

127 715 142 726 -
160 676 257 736 cultus
270 671 486 733 convenienter
509 669 650 731 Ecclesiae
679 668 796 745 legibus
823 669 1030 729 detenninare.
1056 669 1186 744 Denique
1221 721 1222 730 ,

162 761 390 839 comprehendit
402 776 448 832 ea,
462 775 530 836 quae
543 765 614 818 sunt
629 757 811 834 temporalia,
828 755 870 817 uti
884 764 929 818 est
942 756 1113 816 executioni
1134 758 1185 816 de·
1221 787 1222 790 π

163 852 307 914 mandare
319 848 439 910 ultimas
452 848 570 923 piorum
587 847 811 908 benefactorum
823 849 1000 918 voluntates,
1016 847 1055 904 ab
1069 862 1186 906 earum-
1221 857 1222 862 ’

164 941 234 1002 dem
245 935 531 1000 administratoribus
544 936 674 995 rationes
686 935 818 1012 exigere,
831 941 961 995 statuere
972 952 1150 995 oeconomos
1158 934 1186 992 in
1221 981 1222 990 ,

165 1028 305 1106 peroeciis
318 1025 493 1088 vacantibus
507 1041 577 1084 cum
592 1041 725 1100 congrua
745 1023 943 1099 assignatione
956 1025 1120 1096 fructuum,
1134 1039 1186 1098 pro
1221 1031 1222 1088 ᾗ

165 1117 270 1178 sedem
284 1131 465 1176 concursum
477 1113 619 1187 indicere,
630 1120 660 1174 et
673 1113 767 1188 magis
775 1113 917 1172 idoneum
925 1129 1042 1172 summo
1054 1110 1186 1172 Pontifici
1221 1103 1222 1180 s

165 1221 345 1282 proponere,
358 1204 422 1263 sive
437 1202 648 1264 commendere
662 1206 732 1274 (13),
745 1203 825 1262 ut‘ab
837 1202 943 1262 eodem
955 1200 1106 1278 parochiae
1119 1217 1185 1276 pro·
1221 1201 1222 1206 ’

165 1293 239 1354 risio
253 1294 313 1352 fiet.
331 1298 398 1352 llaec
411 1297 442 1352 et
455 1291 512 1351 alia
530 1290 656 1367 plurime
676 1299 738 1350 tum
763 1290 935 1366 spiritualia,
959 1297 1022 1350 tum
1042 1296 1186 1366 tempora·

166 1381 206 1442 lia
216 1387 316 1457 potest
328 1379 460 1440 vicarius
474 1379 644 1455 capitularis
656 1396 810 1456 peregere,
826 1379 894 1454 quia
912 1396 973 1438 non
987 1386 1033 1438 est
1047 1395 1198 1454 procura-¹

167 1477 216 1530 tor
228 1468 371 1545 episcopi,
388 1474 421 1527 ut
438 1468 566 1528 vicarius
580 1468 740 1541 Generalis
755 1468 807 1528 sed
822 1485 993 1541 successor,
1011 1467 1084 1528 etin
1098 1483 1186 1544 quan·

165 1565 232 1620 tum
245 1557 378 1618 succedit
390 1564 509 1617 nonest
523 1555 665 1635 episcopo
679 1557 811 1632 inferior,
828 1558 880 1618 sed
895 1555 1025 1634 aequnlis.

201 1741 236 1805 (1)
250 1740 315 1806 Gap.
331 1741 403 1792 unic.
427 1739 460 1791 de
477 1741 572 1805 major.
588 1740 616 1790 in
629 1739 653 1803 d,
671 1753 730 1806 cap.
746 1741 768 1802 3,
785 1740 818 1792 de
832 1741 914 1806 temp.
930 1739 987 1790 ord.
1008 1739 1037 1790 in
1050 1739 1065 1790 6
1079 1742 1106 1792 et
1128 1753 1182 1804 cap.

169 1813 196 1877 l,
210 1813 244 1863 de
258 1812 349 1877 suppl.
364 1811 436 1876 negl.
451 1811 479 1862 in
490 1812 514 1863 6.
531 1837 563 1848 -
576 1811 610 1875 (2)
621 1811 695 1862 Trid.
712 1813 785 1863 Sess.
801 1811 826 1874 l,
841 1825 864 1862 c.
884 1811 920 1871 10,
937 1812 970 1862 da
984 1811 1066 1862 ret-
1082 1812 1117 1876 (3)
1127 1813 1184 1874 Cap.
1221 1799 1222 1828 ³

169 1885 194 1948 7,
208 1884 243 1934 de
256 1897 313 1948 reg.
333 1884 388 1947 jur.
405 1883 433 1934 in
446 1883 469 1932 6.
485 1910 515 1919 -
529 1883 564 1946 (1)
578 1883 680 1933 Taliter
704 1890 815 1947 putatur
837 1884 908 1933 iacta
930 1882 1072 1946 delegatio,
1087 1882 1185 1948 quando

170 1956 256 2006 electa
268 1954 321 2004 luit
341 1953 476 2005 industria
490 1967 624 2019 personae,
641 1957 668 2004 et
688 1954 795 2019 quando
810 1955 924 2005 facultas
938 1954 1002 2003 dete
1016 1954 1112 2003 suited
1125 1960 1183 2002 tern-
1221 2001 1222 2004 ,

170 2039 230 2092 pus.
244 2026 310 2089 Arg.
326 2024 471 2076 decisionis
485 2024 512 2074 S.
527 2025 608 2088 Cong.
624 2025 735 2076 Ricther
758 2024 792 2075 ad
816 2025 892 2074 Trid.
916 2024 988 2074 Sese.
1012 2024 1053 2086 24,
1068 2038 1091 2075 c.
1109 2025 1144 2083 ill,
1158 2021 1186 2071 de
1221 2021 1222 2052 ³

171 2097 221 2150 rel.
237 2102 301 2146 mat.
316 2109 344 2146 n.
359 2095 413 2146 tte.
429 2123 456 2132 -
476 2095 512 2160 (5)
527 2095 645 2158 Quaestio
663 2100 704 2147 est
725 2096 795 2146 inter
816 2096 983 2159 consulatue,
999 2110 1034 2146 an
1048 2095 1185 2160 capitulum
1221 2151 1222 2158 χ

171 2167 298 2220 succedat
311 2167 339 2217 in
360 2167 394 2218 iis
414 2181 476 2232 quae
490 2173 551 2218 sunt
564 2167 696 2234 Episcopo
711 2181 727 2218 a
743 2170 805 2232 jure
820 2167 951 2232 delegata,
973 2171 1001 2218 et
1014 2166 1186 2232 praesertinre
1221 2177 1222 2218 t

171 2236 351 2290 Tridentino?
366 2237 561 2289 Affirmativam
570 2252 663 2290 veram
677 2238 812 2290 credimus
826 2239 995 2300 sententiam,
1010 2237 1074 2303 quia
1084 2235 1186 2303 jurisdi-

173 2309 226 2361 ctio
238 2323 289 2374 per
302 2310 354 2430 pes
368 2307 550 2372 delegationes
565 2311 770 2373 communicata,
788 2317 816 2361 et
829 2316 960 2375 perpetuo
975 2309 1082 2360 muneri
1094 2309 1185 2374 episco-

172 2381 229 2446 pali
240 2379 308 2431 adue
328 2394 352 2442 a,
368 2385 456 2444 auget,
471 2385 498 2432 et
509 2381 629 2432 extendit
641 2381 728 2446 ipsam
741 2381 922 2446 episcopalem
933 2380 1148 2445 jurisdictionem
1160 2375 1187 2426 ed
1221 2385 1222 2446 j

171 2451 274 2503 bonum
288 2451 446 2515 dioeceseos,
461 2457 487 2503 et
506 2457 544 2504 est
561 2452 643 2503 veluti
663 2465 728 2517 pers
750 2452 958 2517 ejusdemque
972 2465 1042 2502 novo
1063 2453 1124 2515 jure
1140 2450 1188 2499 risa

172 2527 215 2574 est
228 2522 260 2573 ed
277 2527 377 2573 rectam
392 2522 540 2574 dioeceseos
559 2523 818 2574 administrationem
837 2523 1000 2575 necessaria.
1022 2521 1140 2588 Ideoque
1149 2522 1186 2584 ju·
1221 2533 1222 2590 3

174 2593 324 2644 risdictlcni
340 2592 484 2646 ordinariae
499 2596 680 2659 coniungitur,
694 2608 726 2645 ac
742 2595 853 2659 proinde
868 2595 895 2644 in
910 2608 942 2645 ea
956 2594 1187 2658 capitulumsume·

174 2665 222 2716 dit
238 2664 270 2714 Id
285 2664 434 2716 concedunt
456 2671 579 2716 suctores
592 2666 736 2716 contrariae
748 2667 898 2728 senteutiae,
916 2665 1023 2731 quando
1047 2666 1076 2715 in
1091 2665 1185 2725 delege-
1221 2693 1222 2696 =

175 2736 247 2788 tione
262 2735 372 2799 ponitur
385 2735 525 2798 particula,
547 2735 640 2799 eliam,
654 2737 705 2788 boc
720 2740 771 2797 est,
787 2737 871 2790 ctiam
894 2739 1036 2802 tarnqnam
1050 2732 1186 2800 apostolice
1221 2729 1222 2778 i

174 2805 244 2858 sedis
258 2804 401 2870 catenatus,
416 2806 479 2868 quia
502 2805 553 2857 hoc
574 2821 648 2868 casu,
663 2809 740 2859 aiunt
754 2809 815 2874 ipsi,
830 2808 945 2858 facultas
959 2807 1116 2858 conceditur
1127 2810 1185 2855 utro·

175 2882 227 2936 que
248 2869 310 2932 jure
325 2867 457 2932 delegato,
472 2874 500 2920 et
515 2869 660 2921 ordinario.
675 2871 712 2920 At
728 2871 798 2920 idern
814 2870 960 2921 tenendum
974 2870 1091 2928 videtur,
1105 2879 1185 2932 quem·
1221 2897 1222 2900 =

175 2951 256 3004 quern
271 2938 340 2988 desit
354 2939 493 3002 particule,
511 2940 594 2992 eliam
609 2961 616 2990 ι
630 2955 693 2990 nem
708 2941 735 2990 S.
756 2941 839 3008 Sedes
856 2955 909 2991 non
924 2943 1031 3004 ignorat
1049 2940 1118 2991 hanc
1132 2941 1186 2987 inter
1221 2957 1222 2970 2

175 3010 305 3060 Doctores
319 3012 538 3074 controversiam,
552 3017 579 3062 et
593 3014 704 3075 patitur,
717 3011 767 3062 hac
778 3011 968 3076 jurisdictione
983 3012 1105 3062 Vir-arios
1121 3005 1184 3072 Capi·

174 3080 279 3131 tuleres
294 3079 342 3130 uti.
366 3079 471 3131 Revera
492 3081 678 3133 Tridentinum
703 3083 825 3133 concedit
846 3081 998 3146 Episcopis,
1011 3085 1042 3132 ut
1057 3078 1186 3146 procedant

177 3157 315 3216 tamquam
339 3151 591 3214 apostolicaesedis
611 3153 728 3217 delegati
742 3154 770 3203 in
785 3152 970 3217 cognoscendo
983 3152 1018 3203 de
1036 3152 1183 3216 obreptione.
1221 3187 1222 3216 3

177 3228 203 3275 et
220 3221 395 3286 subreptione
410 3223 569 3274 Litterarum
584 3225 809 3289 Apostolicorum.
825 3225 897 3276 Sess.
911 3224 950 3286 13,
966 3238 988 3274 c.
1006 3227 1029 3282 5,
1046 3224 1080 3276 de
1095 3219 1184 3281 rassin
1221 3249 1222 3252 =

176 3293 338 3359 inquirendo
355 3293 388 3344 de
400 3287 532 3346 abusibus
547 3295 618 3345 circe
632 3295 826 3354 beneficiorum
840 3295 955 3358 fructus,
970 3296 1043 3346 circo
1062 3295 1143 3345 labem
1157 3291 1184 3340 si·
1221 3305 1222 3372 p

177 3365 284 3426 moniae,
300 3370 326 3416 ct
339 3365 456 3415 sordidae
467 3366 596 3416 avaritiae.
612 3367 684 3417 Sese.
700 3368 740 3430 24,
756 3382 777 3418 c.
794 3367 833 3430 lt,
851 3367 884 3418 de
900 3367 948 3417 rel.
965 3367 1033 3418 Item
1044 3366 1136 3418 Lucius
1145 3359 1183 3416 lll.
1221 3375 1222 3404 t

178 3435 206 3485 in
221 3448 279 3501 cap.
294 3434 319 3498 9,
334 3435 368 3486 de
384 3435 478 3486 haeret.
494 3437 631 3487 constituit
644 3437 790 3501 Episcopos
805 3437 831 3488 S.
848 3437 925 3488 Sedis
940 3437 1078 3501 delegatos
1095 3435 1125 3486 ad
1140 3434 1184 3482 ha·

179 3507 276 3556 reticos
293 3506 511 3571 compescendos.
527 3509 622 3559 Nonne
636 3507 694 3559 haec
708 3509 862 3559 neccssaria
882 3511 946 3559 sunt
958 3521 1008 3573 pro
1024 3508 1093 3558 bono
1106 3505 1181 3556 Ecclc·

177 3575 225 3628 slae
239 3576 390 3640 regimine?
408 3578 632 3630 praesumendum
645 3591 708 3644 ergo
724 3583 774 3642 est,
796 3579 946 3632 Ecclesiam
959 3584 987 3630 et
1007 3579 1067 3630 haec
1084 3575 1183 3629 voluisse
