2546 4082
479 207 683 293 -aaa-l
759 217 762 222 ·

79 325 284 391 (1)’1“111,6666.
301 327 341 394 at,
356 341 414 395 cap.
428 329 452 388 8,
468 328 501 380 16
514 330 562 380 rel.
579 332 643 380 mat.
655 328 703 380 ubi
716 329 833 382 similem
847 343 954 395 poenam
964 329 1080 395 imponit

49 400 132 450 etiam
153 399 305 464 coniugatis
327 399 453 451 similiter
473 399 704 465 delinquentibus,
719 406 747 451 et
761 401 889 452 mulieres
905 402 1079 462 concubinas,

48 475 74 522 et
87 471 227 522 adulteras
241 477 355 522 coercet.
369 499 399 508 —
413 472 448 537 (t)
464 473 531 524 Can.
546 471 571 530 t,
587 471 703 530 116118,
719 485 777 522 cen.
796 472 833 535 ll,
848 474 910 524 dist.
925 473 965 531 31,
981 487 1039 539 cap.
1054 474 1079 537 3,

47 543 69 600 1,
84 545 109 600 5,
126 541 189 601 616,
204 541 238 592 16
254 543 350 594 ooliab.
369 542 432 593 cler.
452 542 603 594 611661.-
621 543 654 606 (3)
669 543 743 593 Trid.
759 556 827 596 sess.
841 544 881 604 25,
897 559 919 594 c.
937 545 1078 607 1116161.

48 613 74 664 Si
92 617 156 680 post
170 615 386 677 suspensionem,
403 615 474 678 quod
490 615 562 665 Deus
577 627 685 681 semper
698 618 813 676 auertat,
825 614 852 665 in
868 615 938 666 malo
952 628 1080 681 perseve-

47 689 118 743 rent,
134 683 293 746 aConcilio,
307 685 350 736 vel
371 685 616 751 aMetropolitano,
631 689 662 735 ut
680 685 764 736 sentit
785 685 922 744 Giraldus,
939 686 1079 738 deierandi

46 755 165 807 suntad
188 755 339 808 Romanum
364 757 534 814 Pontificem,
555 756 601 821 qui
624 757 705 806 etiam
727 769 777 821 per
794 756 970 820 privationem
989 758 1017 809 iu
1033 771 1079 809 eos

47 827 254 878 animadvertet.
268 855 294 864 -
311 827 346 891 11)
360 827 433 878 Trid.
445 841 513 879 sess.
525 827 565 886 21,
580 840 602 877 c.
615 827 639 888 6,
662 827 697 878 16
710 827 758 877 rol.
769 855 800 864 -
815 827 850 890 (5)
866 827 940 878 Trid.
956 830 1079 888 666615,

46 913 68 948 c.
86 899 128 956 tt,
145 898 178 949 da
192 898 241 949 rel.
258 926 289 935 —
301 898 337 964 (6)
350 899 425 949 Tritl.
444 899 502 949 eod.
521 898 571 949 loc.
594 899 678 950 Poena
699 903 789 949 tamen
806 899 963 962 privationis
976 900 1080 952 benail-

47 969 154 1020 ciorum
177 982 210 1019 ex
232 973 322 1020 manta
344 969 495 1020 Tridentini
518 983 571 1020 non
592 969 700 1020 videtur
721 969 893 1021 decernenda
906 969 960 1021 nisi
973 970 1001 1020 in
1016 983 1081 1022 casu

47 1039 292 1102 incorrigibilitatis
317 1041 479 1098 beneficiati,
503 1046 533 1090 ut
548 1044 620 1091 recte
641 1039 768 1090 observat
787 1039 914 1091 Giraldus
935 1041 969 1091 61
987 1041 1080 1105 capi

46 1117 78 1161 (16
94 1109 193 1162 cobab.
209 1109 274 1161 cler.
289 1115 316 1162 61
330 1111 395 1161 mul.
412 1113 545 1162 Caeterum
560 1110 746 1171 observamus,
762 1111 790 1161 in
804 1111 901 1162 clerico
914 1110 1078 1161 concubina-

47 1181 86 1233 rio
106 1185 211 1232 tautam
235 1195 294 1232 essa
309 1182 515 1242 deformitatem,
527 1187 557 1232 ut
571 1186 710 1245 reputetur
721 1181 839 1233 infamis.
854 1179 1030 1233 Reiiienstnel
1045 1182 1078 1232 de

48 1253 144 1303 cohab.
164 1253 228 1304 cler.
246 1253 391 1304 6166616.
411 1252 454 1312 lii;
471 1256 541 1304 6161
558 1252 621 1304 olim
642 1266 730 1318 neque
746 1252 840 1304 liceret
859 1253 954 1304 audire
968 1253 1079 1304 missam

47 1324 198 1374 sacerdotis
212 1324 399 1376 concubinarii
416 1336 466 1387 per
485 1323 673 1375 notorietatem
697 1324 771 1382 16611,
791 1324 833 1374 vel
848 1337 898 1389 per
911 1324 1000 1388 operis
1020 1323 1076 1374 evi-

48 1394 169 1445 dentiam
184 1396 250 1458 Arg.
269 1408 329 1460 cap.
343 1396 357 1446 7
374 1399 401 1446 61
415 1394 453 1455 10,
464 1394 497 1446 16
512 1395 605 1446 cobab.
625 1395 689 1445 cler.
705 1399 732 1445 et
744 1394 810 1445 mul.
821 1399 846 1445 61
857 1408 916 1445 666.
931 1396 955 1453 5,
965 1394 1028 1446 1161.
1038 1394 1076 1446 33.

49 1465 102 1516 Sed
127 1465 188 1516 haec
208 1466 356 1530 prohibitio
377 1465 485 1518 sublata
499 1471 540 1516 est
554 1479 603 1531 per
621 1465 839 1516 constitutionem
860 1464 969 1516 Martini
995 1467 1019 1517 V
1036 1464 1080 1518 11

49 1535 188 1593 evitanda,
203 1537 267 1600 quia
280 1536 342 1587 talis
351 1535 477 1587 sacerdos
488 1550 541 1587 non
557 1539 599 1587 est
613 1535 734 1602 emplius
748 1535 883 1586 vitandus.
903 1535 1030 1589 Giraldus
1043 1534 1078 1587 61

49 1621 108 1672 cap.
125 1605 313 1658 1016661161).
329 1607 392 1658 cler.
408 1610 435 1658 61
448 1607 513 1658 mul.

82 1797 150 1852 278.
162 1797 304 1867 stuprum
317 1792 438 1868 proprie
452 1793 576 1866 dictum,
592 1791 653 1852 sire
666 1791 798 1852 violenta
811 1791 936 1868 virginis
950 1792 1076 1851 deflora-

49 1879 98 1952 tio,
116 1880 346 1940 fornicationem
362 1881 512 1952 continet3
534 1881 661 1956 ideoque
674 1889 782 1956 praeter
796 1898 903 1956 poeuas
917 1881 1080 1940 fornicato·

49 1985 117 2028 rum
147 1969 241 2028 laicus
266 1975 416 2044 stuprator
444 1976 561 2028 tenetur
591 1971 764 2029 defloratam
792 1969 920 2041 ducere,
950 1970 1000 2028 vel
1025 1968 1080 2027 do·

49 2063 113 2117 tare
137 2061 197 2130 (t),
220 2063 250 2115 et
262 2057 392 2116 Clericus
405 2057 515 2116 nedum
529 2063 648 2118 tenetur
662 2058 777 2130 dotare,
798 2058 851 2118 sed
873 2057 963 2118 etiam
985 2057 1077 2133 depo-

50 2145 170 2204 nendus
184 2151 229 2203 est
244 2147 254 2213 (
274 2147 294 2214 ).

84 2232 284 2305 Adulterium,
299 2229 362 2290 sive
376 2231 463 2290 alieni
479 2230 556 2289 thori
569 2229 689 2291 violatio
703 2237 776 2291 tunc
787 2233 992 2305 committitur,
1010 2249 1080 2302 cum

51 2329 178 2394 uterque
192 2319 369 2395 deliuquens
390 2325 436 2378 est
457 2319 645 2394 conjugatus,
660 2321 707 2379 vel
733 2337 811 2379 6666
838 2323 1024 2396 conjugatus,
1048 2327 1078 2380 et

49 2412 127 2470 alter
140 2409 257 2468 solutus
271 2426 279 2481 3
295 2425 334 2467 ex
356 2425 416 2482 quo
430 2413 494 2466 orta
516 2413 562 2465 est
583 2408 751 2467 communis
769 2409 928 2484 appellatio
943 2406 1079 2466 adulterii

50 2496 397 2575 (16611611616116611116.
415 2494 599 2554 Gravissimis
613 2495 713 2570 poenis
731 2496 871 2570 plectitur
892 2515 910 2555 a
928 2493 1080 2572 16161111-

49 2605 101 2660 no,
127 2593 158 2645 61
182 2585 397 2645 6661661661166,
421 2589 490 2651 iure
511 2583 590 2643 enim
609 2583 709 2642 divino
732 2584 761 2642 in
785 2584 878 2643 veteri
902 2590 1078 2644 testamento

49 2676 169 2735 adulter
182 2673 368 2749 plectebatur
385 2679 481 2732 morte
495 2688 550 2746 per
563 2671 774 2746 lapidationem
788 2677 828 2744 (3)
843 2690 850 2745 ;
868 2673 1019 2748 juravero
1033 2688 1080 2730 eo

49 2762 219 2825 clesiastico
233 2762 327 2821 laicus
348 2761 465 2820 adulter
484 2766 530 2819 est
547 2760 860 2822 excommunicandus
878 2766 934 2834 (t),
951 2761 1081 2821 Clericus

48 2861 153 2913 autem
168 2850 206 2909 ab
220 2849 329 2922 officio,
345 2856 375 2908 61
389 2849 534 2908 beneficio
549 2849 753 2925 deponendae,
769 2857 799 2908 61
812 2849 841 2908 16
864 2849 1079 2910 monasterium

49 2939 256 3002 detrudendus
270 2939 308 2998 ad
321 2939 466 3014 agendam
480 2938 686 3014 poeniteutiam
701 2942 752 3010 (5).
773 2938 853 2998 Adeo
868 2939 1008 2999 infestum
1022 2937 1082 2996 hoo

49 3037 94 3090 (61
112 3028 237 3100 crimen,
256 3025 732 3085 611661116666666166616116111
747 3025 860 3100 uxoria,
875 3026 901 3085 si
913 3026 943 3084 in
958 3042 994 3084 eo
1009 3040 1079 3100 per·

50 3126 180 3187 6666161,
198 3121 334 3174 teneatur
348 3131 414 3174 eam
428 3113 575 3174 dimittere
598 3118 653 3187 (6);
676 3119 706 3173 61
726 3113 752 3172 61
775 3113 1082 3190 uxor'poenitentiam

49 3211 131 3282 agat,
146 3215 176 3263 et
195 3203 226 3262 iu
251 3205 360 3262 bonam
373 3203 490 3277 frugem
506 3209 682 3276 revertatur,
697 3202 825 3262 maritus
840 3203 878 3262 ad
893 3218 959 3262 eam
972 3200 1080 3276 recipi·

50 3293 161 3354 endam
176 3291 300 3366 hortari,
316 3308 376 3350 uon
392 3296 491 3351 autem
507 3290 573 3366 cogi
584 3297 702 3367 potest(
722 3297 743 3364 l.

79 3449 118 3514 (1)
135 3447 201 3513 Cep.
218 3449 227 3498 1
244 3447 278 3499 16
291 3447 366 3499 adult
379 3451 407 3499 et
420 3450 506 3510 stupr.
520 3452 547 3498 at
561 3448 598 3498 ibi
618 3447 756 3498 Doctores.
770 3447 872 3498 Electio
890 3446 918 3498 in
933 3445 984 3498 hac
995 3446 1078 3498 altar-

50 3521 145 3572 nativa
160 3518 193 3570 61
209 3523 388 3583 stupratorem
402 3519 527 3584 pertinet,
543 3518 621 3569 modo
637 3518 766 3569 deflorata
781 3517 937 3589 consentiat,
953 3525 980 3569 et
992 3517 1079 3582 possit

51 3599 164 3660 propter
174 3590 427 3658 impedimentorum
439 3589 591 3644 absentiam
605 3591 752 3657 stupratori
765 3590 868 3642 nubere
879 3606 887 3654 ;
901 3601 980 3644 secus
993 3589 1076 3641 altar·
