2546 4082
494 157 653 216 -all-

61 276 155 336 vitam
174 275 371 352 emendatam,
386 281 416 338 ct
429 283 580 353 peractam
593 278 799 356 poenitentiam
814 283 866 356 (ῆς
887 281 959 342 dum
977 281 1009 340 in
1033 281 1086 342 de·

61 364 237 441 gradatione
252 366 349 427 omnis
363 383 433 442 spes
446 367 578 428 aufertur
596 371 607 440 (
628 371 649 441 i.

92 527 128 592 (l)
144 527 207 593 Gap.
226 527 254 578 10
268 527 302 579 da
313 528 398 592 judic.
409 554 441 565 —
452 527 486 594 (2)
497 527 560 594 (lap.
571 527 586 580 l
602 528 660 581 eod.
671 557 703 567 -
714 527 750 595 (3)
760 530 911 584 actualiter
922 532 1087 599 degradatus

60 598 234 650 rehabilitari
248 599 364 664 amplius
377 613 432 650 non
446 603 543 665 potest,
557 599 610 650 nisi
622 614 639 652 a
653 601 738 666 Papa,
752 603 799 666 qui
814 617 868 654 non
882 603 961 656 facile
973 606 1088 670 gratiam

58 669 195 728 concedit,
210 670 257 722 sed
273 670 350 722 valde
366 685 436 730 raro,
456 673 483 722 ct
500 684 553 722 uon
573 671 626 723 nisi
651 685 684 724 er
707 673 867 737 gravissima
889 688 979 736 causa,
1001 677 1087 742 qualis

58 747 136 794 esset
149 742 258 808 publica
266 743 423 804 necessitas,
436 742 478 793 val
492 755 589 806 magna
600 743 729 795 Ecclesiae
740 745 854 808 utilitas,
865 747 939 798 verb.
951 760 992 810 gr.
1005 761 1087 799 causa
1160 803 1161 808 χ

57 812 182 877 publicae
197 811 272 878 pacis
284 813 422 875 faciendae,
438 813 479 864 vel
494 812 647 864 schismatis
663 813 791 876 tollendi;
807 815 872 868 itam
885 829 983 882 magna
996 817 1086 882 poam-

57 882 148 934 tentia
163 883 311 946 degradati,
326 885 354 934 et
365 880 506 935 aeditlcatio
520 884 649 936 Ecclesiae
662 884 726 936 inda
739 888 910 952 proveniens,
929 888 1046 940 maxime
1062 889 1087 940 si

58 954 261 1006 rehabilitatem
286 959 360 1021 petat
384 955 534 1020 Episcopus
563 955 742 1010 dioecesanus.
772 958 930 1012 Thesaurus
955 959 988 1012 da
1010 973 1084 1028 poen.

58 1026 130 1078 eccl.
140 1029 210 1091 part.
227 1027 248 1091 l,
265 1040 289 1080 c.
303 1027 334 1078 27
350 1025 384 1078 da
398 1039 470 1092 pren.
486 1027 607 1093 deposit.
774 1049 776 1053 ·

96 1233 161 1292 30l.
181 1228 252 1290 liliae
276 1231 377 1306 plures
400 1234 469 1290 sunt
493 1245 592 1306 poenae
612 1229 801 1294 vindicativae
824 1231 1014 1308 temporales
1038 1231 1087 1294 vel
1116 1249 1119 1258 ¹

59 1319 200 1395 corporis
224 1319 369 1380 afflictivae
392 1320 431 1380 ab
452 1319 584 1380 Ecclesia
608 1320 647 1379 ab
669 1319 883 1397 antiquissimis
904 1321 1087 1398 temporibus

58 1408 200 1468 adhibitae
214 1410 253 1468 ad
266 1409 374 1469 delicta
389 1409 618 1485 compescenda,
640 1409 682 1468 uti
696 1418 742 1470 est
755 1411 881 1487 privatio
895 1410 1042 1485 beneficii,
1057 1416 1088 1471 et

55 1499 212 1560 fructumn
225 1497 327 1574 ipsine,
343 1499 463 1572 muclta,
478 1514 591 1571 carcer,
607 1504 637 1558 et
651 1497 781 1558 axilium.
799 1502 841 1558 lte
857 1498 1022 1574 privatione
1033 1499 1087 1559 be·

59 1584 171 1661 neflcii,
183 1593 212 1647 et
225 1588 376 1649 fructuum
389 1587 504 1662 agimus
518 1587 579 1648 suis
592 1586 623 1646 in
636 1586 720 1647 locis.
736 1587 789 1648 llic
808 1587 900 1663 quaeri
919 1595 1030 1664 posset,
1047 1605 1084 1648 an

56 1677 206 1736 Sacerdos
215 1676 324 1752 privari
338 1676 426 1736 etiam
435 1676 530 1753 possit
540 1678 578 1736 ab
589 1675 787 1750 eleemosynis
797 1676 950 1736 llissarum
961 1693 1086 1737 manua-

57 1765 139 1826 libus
159 1765 361 1841 accipiendis?
385 1765 564 1825 lfflmativa
581 1766 668 1824 nobis
687 1763 805 1824 ridetur
828 1765 1010 1840 probabilior
1032 1769 1042 1837 (
1063 1775 1083 1841 ).

58 1855 168 1914 llulcta
180 1851 361 1930 pecuniaria,
377 1853 441 1914 sive
454 1854 581 1914 amanda
595 1861 640 1914 est
654 1853 791 1930 quaedam
805 1853 941 1928 pecuniae
952 1871 1083 1930 summa,

4 2003 12 2016 ,
58 1958 152 2020 quam
170 1942 346 2019 delinquens
363 1943 403 2002 ob
427 1949 579 2017 statutum,
593 1941 640 2002 vel
660 1942 767 2018 iudicis
790 1941 946 2002 decretum
969 1944 1085 2004 solvere

57 2038 178 2092 tenetur
191 2031 220 2092 in
237 2048 360 2108 poenam
373 2031 529 2092 sui-delicti
546 2036 596 2103 (ἓ).
620 2036 703 2091 lianc
721 2048 844 2107 poenam
859 2030 1031 2092 ordinarius
1044 2032 1084 2091 lr-

56 2126 147 2196 rogat
160 2120 190 2181 io
203 2121 320 2182 deiectu
333 2137 431 2196 poenae
444 2119 602 2180 ordinaria
616 2137 634 2178 a
644 2121 711 2195 jure
725 2126 852 2192 smtutae,
868 2124 902 2181 ut
915 2137 985 2180 cum
994 2137 1085 2195 poena

56 2208 88 2267 in
111 2209 177 2281 ejus
197 2205 351 2266 arbitrium
367 2205 535 2280 remittitur,
557 2205 697 2265 etvalide
720 2204 839 2265 statutis
857 2204 918 2264 suis
939 2205 1083 2281 adjungit,

56 2294 178 2372 quoties
198 2294 228 2354 id
249 2295 391 2371 expedire
407 2294 592 2370 Judicaverit.
614 2298 697 2353 lianc
717 2309 842 2369 poenam
868 2293 968 2370 potius
993 2311 1083 2370 quam

56 2401 220 2445 censuram
230 2385 324 2460 iudex
331 2381 466 2458 imponit,
475 2383 544 2442 cuni
556 2383 586 2440 in
595 2381 714 2458 judiciis
723 2381 821 2458 agitur
832 2382 870 2442 de
884 2384 1083 2455 contumacia,

54 2475 107 2533 uel
121 2473 159 2532 de
171 2490 232 2533 nou
246 2473 405 2548 adimpleta
418 2471 594 2532 executione
608 2471 691 2544 reali,
707 2473 753 2531 vel
767 2472 917 2548 personali
932 2489 994 2532 asc
1005 2489 1083 2548 prae·

54 2563 179 2638 scripta,
195 2561 264 2638 quia
277 2559 476 2620 Tridentinum
489 2559 620 2631 mandat,
635 2567 669 2619 ut
681 2559 711 2621 in
720 2559 838 2634 judiciis
852 2560 935 2636 prius
953 2559 1082 2621 inieran-

54 2661 109 2714 tur
122 2667 219 2727 poenae
232 2650 420 2725 temporales
440 2647 481 2707 uti
497 2654 542 2707 est
558 2649 671 2727 mulcta
684 2647 866 2723 pecuniaria,
883 2655 913 2708 et
926 2654 961 2709 ut
974 2666 1082 2710 censu-

54 2759 110 2813 rae,
126 2757 163 2799 aa
175 2738 305 2800 maxime
319 2735 596 2809 excommunicata,
615 2753 770 2812 nunquam
783 2735 963 2811 irrogentur,
979 2737 1036 2796 nisi
1049 2738 1081 2798 in

54 2847 130 2891 casu
141 2826 335 2901 necessitatis,
345 2828 416 2888 dum
425 2825 490 2886 aliae
499 2842 597 2900 poenae
610 2826 788 2900 temporales
797 2842 858 2884 non
869 2824 1018 2885 sufficiunt
1028 2828 1079 2897 (3).

92 2919 207 2978 llulctae
223 2914 403 2993 pecuniariae
419 2913 569 2975 solvendae
582 2920 652 2973 sunt
666 2913 849 2988 Depositario
863 2930 1033 2989 poenarum,
1051 2922 1082 2975 et

53 3008 245 3080 muletarum,
267 3005 318 3082 qul
339 3004 469 3065 existere
486 3003 574 3063 debet
595 3001 626 3062 in
647 3002 777 3078 qualibet
797 3001 882 3062 curia
902 3003 1082 3063 ecclesiasti·⁴

54 3115 93 3159 ca
108 3100 159 3168 (t),
184 3102 213 3156 et
236 3095 335 3155 statim
353 3093 541 3170 assignandae
558 3097 628 3153 sunt
645 3091 709 3163 utri,
721 3097 773 3151 aut
786 3091 920 3167 pluribus
934 3091 990 3168 piis
1005 3090 1081 3152 locis

54 3187 88 3246 in
102 3184 225 3245 dioecesi
238 3183 433 3245 existentibus
447 3187 499 3256 (ὅ).
521 3185 581 3242 Nec
596 3185 696 3256 potest
709 3179 880 3239 ordinarius
893 3197 945 3240 aas
957 3180 988 3239 in
1003 3186 1078 3255 tota,
1160 3207 1162 3214 ·

54 3275 105 3336 val
126 3273 157 3333 in
180 3281 265 3350 parte
287 3289 439 3334 assumere
458 3287 514 3347 pro
535 3287 590 3330 sua
610 3266 834 3340 sustentatione,
850 3267 966 3328 etiamsi
980 3273 1076 3343 egeat,

55 3370 109 3426 aut
130 3381 186 3440 pro
207 3361 395 3439 reparatione
416 3360 524 3421 domus
546 3356 733 3434 episcopalis,
751 3358 797 3417 vel
817 3356 957 3417 Ecclesiae
977 3356 1078 3416 cathe-

55 3451 157 3525 dralis,
167 3459 283 3528 autpro
297 3449 457 3511 honorario
470 3448 575 3509 vicarii
587 3446 643 3522 sui,
659 3445 844 3522 aliorumque
858 3444 951 3506 Guriae
965 3445 1078 3504 cilicia-
1149 3448 1151 3452 ’

54 3544 139 3619 lium,
153 3541 303 3604 ueletiam
318 3539 412 3617 ipsius
424 3537 608 3616 Depositarii,
623 3544 656 3598 ut
668 3533 780 3612 pluries
793 3535 927 3606 decisum
943 3533 1029 3596 fulta
1044 3538 1075 3595 S.
