2490 4088
601 189 745 246 ..54-

164 310 209 371 153
224 311 250 362 44
260 320 355 360 revera
366 319 443 360 nemo
457 319 529 360 sane
538 307 634 360 mentis
644 307 770 372 intellipit
783 306 908 360 naturali
914 307 1188 376 jure....qaacumqut

160 379 409 434 consuetudine...
433 392 505 444 posse
529 378 702 444 aliquatenus
721 378 855 443 derepere,
870 382 901 428 ut
922 381 960 430 ait
981 378 1129 444 Gregorius
1147 381 1188 436 ll,

161 453 205 504 cit.
221 465 279 517 cap.
297 448 335 508 11,
351 449 385 500 44
398 453 520 501 consuet.
534 477 564 486 -
579 450 614 514 (3)
629 450 777 514 Propterea
793 449 937 500 Gratianus
952 450 981 500 in
998 451 1188 502 consuetudine

161 521 285 588 requivit.
300 519 371 585 quod
385 519 518 586 1144441441
539 520 689 582 conueniat,
705 520 776 586 quod
795 519 943 586 disciplina
961 525 1103 586 44444444,
1122 521 1189 587 quod

56 663 62 684 ἢ
161 592 244 646 saluti
266 591 398 657 proficiat.
417 593 481 642 Can.
498 593 521 642 5.
543 591 604 642 dist.
620 593 640 640 1.
656 619 686 628 -
697 593 733 656 (4)
749 593 812 655 Cap.
826 592 841 642 8
855 598 882 642 et
899 593 922 642 9,
940 591 972 642 44
990 593 1094 642 Simon.
1115 622 1142 630 -
1156 593 1188 658 (5)

168 665 233 726 Gap.
256 663 278 721 t,
293 663 326 714 de
345 665 466 714 consuet.
488 662 516 712 in
534 663 557 713 6.
575 663 599 711 Α
615 664 677 727 jure
698 663 826 713 canonico
840 663 1000 727 reprobatur
1015 665 1188 718 consuetudo:

165 735 189 787 1ο
198 734 342 785 Retinendi
356 734 435 798 plura
449 733 580 785 banellcia
598 733 808 798 incompatibilia
823 734 927 797 absque
938 734 1074 784 Pantilicis
1086 734 1190 799 dispen-

164 807 276 858 satione.
291 805 355 870 Cap.
378 807 399 857 1.
415 806 448 857 44
472 805 597 856 Consuet.
617 804 645 854 in
665 806 690 855 6.
708 805 735 854 2⁰
748 805 898 878 duserendi
913 805 990 855 etiarn
1006 805 1034 859 in
1049 812 1127 870 parte
1141 807 1188 856 im·

163 877 320 928 munitatem
342 877 560 928 ecclesiasticam.
582 875 648 940 Cap.
665 877 693 926 14
714 876 747 926 44
767 876 844 926 elect.
866 879 893 926 44
917 889 975 940 cap.
998 877 1038 927 49.
1063 877 1097 927 44
1123 883 1189 928 4444.

163 961 268 1006 excom.¹
281 947 353 998 Hinc
366 960 421 998 non
438 952 532 998 tenent
550 946 769 1008 consuetudines,
785 947 885 1012 quibus
907 947 1047 1012 Principes
1068 947 1131 998 laici
1145 963 1189 1014 po·

164 1021 286 1070 testatem
301 1019 329 1068 in
343 1031 386 1069 res
402 1031 502 1079 sacrus,
519 1021 545 1067 et
559 1030 689 1082 personas
704 1017 901 1068 ecclesiasticas
921 1017 972 1067 silei
989 1025 1126 1082 arrogant.
1143 1033 1188 1070 ne·

163 1104 216 1154 que
233 1093 306 1141 tenet
325 1088 491 1140 consuetudo
511 1089 588 1152 Regii
607 1088 709 1151 placiti,
732 1094 762 1138 ut
785 1088 863 1138 facile
882 1092 985 1138 eruitur
1005 1102 1039 1138 ex
1060 1089 1190 1152 pluribus

162 1161 389 1226 propositionibus
400 1159 534 1210 damnatis
545 1163 571 1209 in
585 1159 702 1224 Syllaba.
718 1173 749 1210 ac
760 1159 911 1223 specialiter
920 1173 952 1211 ex
964 1160 1190 1225 propositionibus

166 1231 206 1290 41,
221 1231 252 1284 43
267 1236 295 1284 44
308 1245 383 1297 seqq.
403 1233 429 1281 3ο
443 1231 614 1295 Percipiendi
629 1232 831 1282 distributiones
844 1230 1013 1296 quotidianas
1027 1231 1055 1280 in
1069 1231 1190 1283 absentia

163 1316 180 1353 4
200 1303 291 1354 choro.
307 1317 368 1368 cap.
386 1303 457 1354 unic.
479 1302 512 1352 44
531 1303 620 1354 cleric.
638 1317 692 1352 non
714 1303 796 1353 resia.
816 1303 842 1351 in
860 1304 884 1352 6.
902 1303 927 1352 4⁰
949 1303 1098 1353 Exercendi
1117 1308 1191 1354 actus

163 1373 325 1438 episcopalis
344 1374 447 1424 ordinis
470 1373 497 1423 14
519 1374 616 1424 clerico
638 1388 691 1424 non
711 1375 848 1438 episcopo.
862 1375 926 1440 Cap.
942 1375 956 1424 4
973 1373 1006 1424 44
1023 1377 1145 1426 4444444.
1168 1378 1190 1425 5⁰

163 1445 326 1511 Appellandi
341 1446 375 1495 ad
390 1444 545 1511 episcopum
561 1445 726 1496 esculentia
741 1446 832 1494 vicarii
849 1444 992 1508 generalis.
1009 1444 1074 1510 Cap.
1089 1445 1115 1509 2,
1133 1447 1189 1497 eod.

164 1516 192 1566 in
208 1517 231 1566 6.
245 1516 448 1580 &impediendi
463 1517 590 1581 episcopo
604 1531 709 1579 morum
722 1521 923 1574 correctionem,
939 1520 985 1566 aut
996 1516 1121 1567 dioecasis
1132 1519 1191 1568 visi·

165 1587 297 1638 tationem
314 1600 373 1650 cap.
396 1587 423 1636 13
438 1586 470 1637 44
489 1586 607 1638 414444.
628 1593 655 1638 ct
678 1602 735 1653 cap.
759 1589 795 1637 141.
815 1587 848 1638 44
868 1587 990 1650 rescript.
1006 1587 1032 1635 70
1046 1589 1189 1638 Ν444441-

166 1658 261 1722 piendi
276 1657 349 1710 sedis
363 1658 525 1723 Apostolicce
540 1659 651 1720 1444444,
670 1665 718 1710 444
737 1659 866 1709 Ν444144.
881 1660 989 1708 Extrav.
1003 1654 1090 1724 Strpor
1103 1663 1190 1724 pentes

163 1727 198 1779 de
212 1733 333 1779 consuet.
352 1730 422 1778 inter
443 1743 510 1779 com.
526 1735 551 1779 et
566 1730 644 1780 Brev.
663 1731 703 1779 Pii
717 1731 757 1780 VI
774 1726 1192 1795 8444444441444444ς1444ρ44

164 1800 212 1864 qui
227 1799 265 1850 sic
276 1800 359 1863 agunt
371 1802 673 1852 excommunicationem
689 1803 839 1862 incurrunt,
851 1814 996 1865 eorumque
1010 1807 1091 1851 terrae
1105 1803 1190 1852 eccle-

164 1869 277 1934 siastico
296 1871 477 1935 subjiciuntur
502 1871 654 1923 interdicto.
677 1873 727 1923 Hae
751 1873 777 1923 et
791 1872 848 1922 aliae
863 1872 965 1922 similes
983 1873 1191 1923 consuetudines

164 1942 357 2005 reprobantur.
374 1942 405 1992 V.
421 1941 561 1992 Giraldum
579 1944 606 1993 in
625 1943 753 2008 Append.
768 1943 802 1993 ad
816 1943 855 1992 lit.
871 1942 904 1992 de
921 1946 1039 1992 consuet.
1056 1943 1110 2001 Sed
1131 1957 1190 2007 spe-

164 2013 269 2066 cialiter
284 2013 463 2078 reprobantur
475 2014 693 2076 consuetudines,
710 2027 772 2079 quae
789 2014 905 2064 decretis
920 2013 1025 2064 concilii
1040 2014 1191 2066 Tridentini

164 2083 349 2134 adversantur.
371 2084 433 2134 Bul.
451 2083 607 2137 Benedictus
627 2083 696 2136 Deos
719 2085 761 2135 Pii
776 2085 822 2135 lv.
838 2085 961 2148 ejusdem
975 2085 1082 2135 concilii
1097 2086 1189 2136 confir·

163 2155 287 2206 matoria.
302 2182 333 2192 -
345 2155 381 2220 (6)
400 2156 464 2221 Gap.
482 2155 512 2206 te
531 2157 563 2206 de
583 2170 639 2220 reg.
652 2159 707 2221 jur.
725 2157 752 2206 in
767 2156 790 2206 6.
805 2183 835 2192 —-
849 2156 883 2219 (l)
897 2156 968 2206 Hinc
982 2154 1005 2206 si
1027 2169 1078 2220 per
1091 2163 1191 2208 44444

163 2240 282 2291 gravem,
293 2229 338 2276 444
350 2241 399 2290 per
411 2229 466 2278 414
480 2227 658 2278 4444441444
672 2229 827 2292 adigeretur
836 2227 870 2276 ad
883 2233 959 2276 actus
971 2225 1191 2290 frequentandos.

163 2302 210 2349 444
221 2310 270 2361 per
286 2311 416 2359 errorem,
427 2299 469 2349 441
484 2299 664 2362 ignorantiam
677 2299 784 2350 eosdem
801 2299 943 2359 emitteret,
958 2297 1034 2348 nulla
1049 2305 1191 2362 propterea

163 2367 325 2420 conderetur
342 2369 460 2430 legitima
477 2369 649 2420 consuetudo.
666 2398 697 2407 ο
714 2371 746 2433 (8)
768 2370 827 2420 Hoc
851 2370 977 2419 Doctores
1000 2368 1139 2420 deducunt
1161 2383 1192 2420 ex

163 2452 221 2502 cap.
239 2439 253 2489 4
268 2445 294 2490 44
307 2440 336 2490 15
355 2439 388 2490 44
405 2441 568 2505 praescript,
583 2441 611 2490 in
629 2441 728 2506 quibus
742 2441 909 2506 praescriptio
923 2441 1027 2488 tantum
1040 2441 1190 2505 quadrage·
1206 2473 1211 2480 ·

163 2511 240 2560 naria
257 2510 417 2561 admittitur.
437 2511 489 2562 Sed
506 2512 543 2562 ibi
567 2513 656 2576 agitur
670 2512 702 2562 de
724 2511 927 2576 praescriptione
941 2510 1149 2577 jurisdictionis,
1167 2515 1192 2562 44

163 2581 296 2632 bonorum
310 2596 364 2632 non
381 2582 485 2648 precise
502 2583 536 2634 de
550 2583 754 2650 prascriptione
771 2589 864 2633 contra
879 2582 967 2644 legem
981 2609 1011 2618 -
1025 2583 1059 2646 (9)
1074 2583 1134 2633 Hoc
1147 2584 1191 2634 44-

162 2657 273 2703 sumunt
284 2667 315 2703 ex
331 2666 389 2704 can.
410 2653 502 2704 ldist.
520 2655 547 2704 tt
567 2654 614 2706 ubi
635 2655 754 2705 sancitur
776 2653 957 2704 revocandum
978 2665 1039 2703 esse
1060 2653 1191 2719 quidquid

164 2728 257 2775 contra
281 2724 388 2788 longam
415 2726 637 2776 consuetudinem
662 2725 785 2789 lit.·Ergo
809 2724 881 2790 quod
902 2725 930 2774 414
951 2724 1100 2775 44444444
1124 2725 1192 2775 banc

163 2795 388 2846 consuetudinem
404 2809 459 2846 non
476 2801 518 2847 est
532 2797 720 2857 revocandum,
735 2809 766 2846 ac
783 2795 896 2861 proinde
910 2795 1012 2846 licitum
1028 2799 1070 2846 est
1084 2799 1111 2846 44
1125 2795 1190 2846 4411-

103 2904 108 2914 .
161 2865 235 2915 444.
252 2865 345 2930 Longa
361 2872 453 2917 autem
467 2868 632 2918 consuetudo
647 2872 689 2918 est
699 2867 792 2918 decem
805 2879 945 2927 annorum,
956 2871 987 2916 ut
997 2879 1090 2916 omnes
1101 2866 1190 2917 docto·

162 2949 207 2986 res
216 2935 334 2993 tradunt,
345 2940 372 2987 et
388 2937 479 2988 decem
494 2951 624 2988 annorum
640 2938 805 2988 consuetudo
821 2937 919 2988 dicitur
931 2937 1053 3000 longaeva
1066 2951 1083 2987 a
1096 2937 1191 2988 Glossa

161 3007 190 3056 in
213 3019 272 3071 cap.
290 3007 386 3058 ultimo
406 3009 439 3059 de
462 3013 583 3060 consuet.
598 3010 627 3059 in
647 3011 662 3058 6
681 3008 757 3059 verb.
773 3006 942 3060 4444444444.
960 3035 991 3043 -
1008 3008 1057 3072 (10)
1079 3007 1190 3070 Quando

161 3078 286 3128 Pontilex
300 3080 351 3130 scit
364 3080 455 3144 vigere
469 3085 498 3129 in
514 3081 605 3146 aliqua
620 3080 738 3145 regione,
756 3080 799 3130 vel
815 3081 842 3129 in
858 3083 914 3130 tota
936 3079 1051 3130 ecclesia
1071 3077 1191 3144 aliquem

162 3150 382 3200 consuetudinem
394 3155 492 3217 praeter
507 3151 551 3201 vel
568 3157 662 3202 contra
673 3153 728 3215 jus,
740 3163 802 3216 quae
816 3156 905 3202 tamen
920 3149 1090 3200 rationabilis
1105 3152 1150 3211 sit,
1165 3155 1191 3202 et

161 3219 297 3270 silentium
313 3233 395 3284 super
408 3234 469 3271 sam
488 3227 585 3284 servat,
602 3236 663 3272 curn
678 3221 756 3272 facile
771 3226 863 3286 posset
876 3235 925 3272 suo
939 3221 1022 3271 verbo
1043 3234 1103 3271 eam
1116 3235 1188 3272 revo-

161 3303 231 3351 care,
246 3295 423 3356 praesnmitur
437 3305 496 3342 444
514 3293 648 3357 probare:
664 3306 728 3342 nam
747 3292 924 3356 legislativum
940 3291 1097 3343 facultatem
1116 3305 1190 3358 aequo

162 3365 279 3425 exercet,
293 3376 352 3412 cum
368 3363 535 3413 voluntatem
549 3377 626 3413 suam
642 3362 758 3414 subditis
773 3377 821 3427 per
837 3363 949 3414 verbum
963 3363 1087 3429 imponit,
1097 3369 1190 3414 etcum

161 3431 330 3484 subditorum
348 3447 435 3484 mores
451 3435 530 3483 44144
547 3435 627 3485 tacite
644 3435 749 3499 probat.
765 3435 822 3485 Iloc
836 3435 908 3484 euim
920 3434 1032 3485 taciturn
1049 3433 1191 3500 aequivalet
1233 3437 1234 3476 ἕ

162 3515 299 3566 expresso,
315 3508 342 3554 44
358 3505 391 3555 44
410 3503 491 3555 444144
506 3505 627 3555 dubitari
642 3519 695 3555 non
709 3508 805 3568 potest,
830 3520 891 3556 cum
914 3505 1037 3556 Pontifex
1060 3506 1190 3570 agnoscit,

163 3577 190 3626 et
203 3588 257 3626 non
274 3575 432 3627 contradicit
447 3576 569 3629 moribus
583 3576 763 3644 subditorum,
778 3579 802 3628 si
812 3575 891 3629 facile
906 3576 1091 3628 contradicere
1101 3581 1190 3645 queat,
