2468 4090
521 315 678 370 ..225-

86 427 173 491 liflce
186 434 268 511 esset
279 429 432 494 restitutus
446 436 497 508 (l).
522 437 618 506 Quare
631 434 657 494 si
674 435 819 510 professio
840 435 937 513 eliqua
950 437 1065 497 ratione
1076 435 1114 497 sit

1 520 2 536 ³
87 520 184 594 nulle,
206 527 240 581 ut
262 528 335 598 pute
355 539 410 598 per
435 523 505 598 dm,
529 532 558 584 et
582 531 705 599 metum,
727 531 756 584 et
777 543 833 601 per
847 527 994 587 defectum
1008 526 1114 600 aetatiS,

86 610 270 683 monachus,
290 611 388 686 primo
409 613 526 673 labente
549 612 761 697 quiniquennio,
781 619 878 689 potest
896 621 1001 674 contra
1019 614 1115 692 ipsam

84 698 308 772 professionem
319 701 492 776 reclamare,
510 709 544 763 nt
562 721 580 762 a
594 702 711 762 vinculo
729 701 887 777 Religionis
902 705 1033 763 solvatur
1048 706 1112 776 (2l3

86 786 113 846 si
132 781 237 846 eutem
248 787 321 848 nolit
328 790 502 865 reclamare,
513 798 613 867 potest
624 793 723 868 ipsam
731 791 947 868 professionem
955 792 1114 865 ratificare,

87 876 185 935 modo
210 877 287 936 absit
307 894 395 937 omne
417 878 670 955 impedimentum,
697 887 726 940 at
748 879 899 940 retificens
921 880 1006 954 sciet,
1029 895 1116 940 suam

1 1042 2 1058 χ
87 964 223 1040 primam
239 966 456 1040 professionem
467 968 558 1029 fuisse
571 970 683 1029 nullam
696 972 748 1044 (3),
763 969 807 1029 sic
820 968 900 1028 enim
910 969 978 1045 jure
992 968 1116 1046 pristino

1 1061 2 1098 ³
88 1068 142 1114 res
156 1054 305 1129 procedit,

127 1141 278 1204 Professio
292 1145 443 1215 solemnis,
458 1161 525 1221 qnae
545 1145 603 1206 dici
624 1145 713 1207 etiem
731 1152 831 1222 potest
848 1145 1064 1221 solemniorem,
1081 1161 1118 1206 ac

88 1248 176 1305 vere,
200 1237 230 1292 et
255 1233 378 1309 proprie
398 1234 535 1310 religiosa
558 1235 705 1311 professio
726 1235 828 1296 stricte
848 1241 976 1310 sumpte,
999 1241 1046 1294 est
1071 1251 1117 1310 ee,

89 1337 186 1398 quam
212 1321 345 1382 Ecclesia
370 1323 411 1382 ita
431 1324 539 1398 probat
559 1330 589 1384 et
611 1330 762 1400 acceptet,
787 1330 820 1384 ut
843 1322 893 1400 qui
914 1340 981 1383 eam
1000 1322 1116 1396 emittit,

87 1416 246 1486 tamquam
259 1417 395 1472 mortuus
408 1415 518 1472 saeculo
532 1413 684 1486 habeatnr,
701 1420 731 1474 et
750 1413 791 1473 ite
810 1420 955 1489 perpetuo
975 1411 1118 1488 Religioni

88 1499 253 1574 obligetur,
276 1505 310 1559 ut
331 1499 468 1560 inhabilis
488 1502 540 1561 fiet
561 1503 599 1562 ad
616 1518 721 1562 omnes
742 1507 826 1561 ectus
838 1503 915 1563 votis
937 1499 1118 1561 solemnibus

88 1593 306 1664 repugnantes,
329 1605 405 1665 quos
424 1590 449 1648 si
462 1597 623 1666 praesumet
642 1607 797 1666 peregere,
813 1592 924 1651 nedum
942 1589 1050 1659 illicite,
1065 1588 1119 1647 sed

89 1683 121 1737 et
134 1676 257 1736 nulliter
270 1683 348 1752 aget.
360 1678 585 1740 Professiovero
598 1679 696 1738 minus
706 1680 857 1752 solemnis,
868 1680 1018 1740 interdum
1029 1678 1119 1738 etiam
1169 1679 1176 1695 ‘

89 1763 268 1841 simpliciter
281 1768 422 1828 solemnis
438 1770 596 1843 appellate,
614 1770 663 1830 vel
677 1769 817 1829 solemnis
830 1768 1003 1844 improprie,
1017 1774 1048 1826 et
1058 1768 1119 1826 lato

89 1869 196 1926 sensu,
208 1871 243 1914 ee
257 1861 312 1929 est,
323 1873 413 1932 quem
424 1853 555 1916 Ecclesia
564 1859 631 1933 jure
645 1857 806 1916 novissimo
815 1859 932 1934 probat,
945 1862 978 1915 nt
988 1855 1119 1915 medium

89 1941 218 2019 majoris
231 1944 420 2019 perfectionis
438 1962 506 2006 cum
525 1945 683 2007 emissione
699 1953 838 2006 votorum
851 1944 1037 2022 simplicium,
1053 1943 1118 2020 qui-

35 2063 39 2070 ·
89 2031 152 2092 bus
171 2049 233 2092 non
252 2040 298 2093 est
316 2033 362 2094 vis
376 2035 522 2095 reddendi
532 2037 629 2094 nullos
643 2041 728 2095 ectus
742 2035 918 2109 contrarios,
936 2034 1005 2094 licet
1019 2031 1119 2110 quiea

25 2165 26 2170 ,
89 2120 228 2198 infringit
239 2122 369 2198 graviter
383 2130 512 2199 peccet(
532 2129 552 2198 ).

106 2320 108 2330 ,
126 2279 162 2342 (l)
177 2279 251 2331 Trid.
268 2294 335 2332 sess.
353 2281 393 2341 ts,
406 2295 428 2332 c.
447 2281 643 2347 19,denegu1.
659 2279 711 2332 Hic
734 2283 825 2334 tamen
845 2279 1002 2341 notandum,
1018 2277 1120 2344 quoda

90 2350 278 2402 declaratione
289 2351 316 2402 s
329 2353 548 2416 congregationis
562 2352 657 2418 Regul.
672 2353 726 2405 diei
738 2353 766 2404 17
777 2353 839 2418 julii
855 2353 923 2416 1858,
938 2350 1050 2402 resultat
1063 2363 1121 2401 me·

90 2422 203 2482 nisoste,
218 2423 413 2486 professionem
426 2425 536 2475 tacitam
549 2438 604 2475 non
617 2425 734 2492 amplius
750 2424 851 2476 habere
861 2423 958 2486 locum,
969 2422 1033 2486 quie
1046 2421 1121 2472 inea

89 2493 154 2543 baec
167 2495 332 2556 statuuntur,
346 2495 507 2545 nimirum-‚l
519 2495 562 2546 Ad
573 2495 661 2546 valida
670 2496 817 2548 emittenda
830 2499 892 2547 rota
904 2493 1043 2554 solemnia,
1058 2495 1120 2558 post

92 2565 190 2614 «vota
209 2565 351 2631 simplicis,
367 2567 514 2631 requiritur
535 2566 667 2630 professio
692 2580 838 2632 expresse;
863 2571 889 2616 et
913 2564 973 2616 ideo
987 2562 1119 2628 professio

92 2654 105 2683 e
124 2635 209 2685 tacita
223 2637 331 2687 omniuo
345 2637 475 2701 abrogata
492 2639 533 2688 est
554 2637 621 2687 rib.
638 2637 699 2688 snb.
713 2652 786 2688 num.
804 2638 840 2689 n.
863 2635 941 2698 Quod
958 2635 1120 2698 intelligitur

91 2707 129 2759 de
143 2706 212 2758 viris
226 2707 374 2767 dumtaxat,
389 2721 451 2758 nam
465 2708 537 2760 inter
548 2709 681 2760 moniales
691 2710 813 2774 professo
827 2711 908 2759 tacita
917 2721 971 2757 non
980 2707 1031 2757 luit
1041 2705 1118 2755 ebro-

90 2781 168 2846 gate.
178 2803 208 2816 -
222 2779 257 2843 (i)
271 2778 348 2830 Circa
360 2779 469 2830 modum
484 2783 573 2830 temen
586 2779 749 2844 procedendi
759 2781 786 2830 in
799 2779 851 2830 hac
862 2791 944 2830 causa
958 2789 1069 2828 necesse
1079 2779 1121 2826 est

92 2849 249 2913 expendero
262 2851 366 2902 bullam
376 2845 409 2902 St'
420 2849 515 2904 datam
527 2849 666 2901 Benedicti
678 2851 753 2914 XIV,
764 2852 792 2900 in
806 2864 860 2916 qua
874 2849 964 2900 omnia
978 2850 1033 2898 fere
1048 2847 1122 2897 iuve-

91 2921 219 2984 niuntur,
234 2935 295 2987 quse
309 2921 344 2973 ad
357 2920 513 2986 hujusmodi
530 2921 661 2986 judicium
675 2923 823 2994 pertinent.
840 2921 881 2972 lbi
899 2920 1009 2970 mandat
1029 2918 1121 2968 Ponti·

91 2992 150 3054 fex,
163 2997 194 3044 ut
207 3005 270 3044 vere
287 2992 405 3057 legitime
417 2993 588 3057 procedatur,
603 3005 657 3042 non
670 3007 734 3044 vero
757 2991 1012 3057 extrejudielaliter;
1027 2995 1057 3040 nt
1071 2989 1121 3038 Re-

91 3061 210 3129 ligiosus
223 3063 346 3115 habitum
359 3077 414 3114 uon
433 3064 557 3127 dimittat,
578 3077 657 3115 secus
671 3078 725 3114 non
745 3065 857 3115 deberet
875 3061 972 3126 audiri,
989 3061 1035 3112 sed
1051 3067 1120 3110 tem-

95 3145 182 3202 quam
196 3136 329 3200 Apostete
342 3134 433 3200 puniri
444 3137 490 3195 ;ut
498 3133 632 3200 judicium
645 3134 692 3185 fiet
705 3147 795 3186 coram
810 3133 943 3198 superiori
956 3130 1073 3196 regulari
1087 3129 1122 3180 si·

92 3207 153 3263 mul
167 3220 229 3258 cum
246 3205 400 3264 Ordinario‚
416 3206 500 3270 quisi
517 3206 588 3263 iuter
602 3219 631 3258 se
645 3219 699 3256 noa
720 3206 889 3268 convenient,
903 3217 986 3256 cause
1001 3201 1119 3253 devolvi-

93 3285 142 3332 tur
154 3278 189 3330 ad
207 3279 235 3333 S,
251 3277 366 3340 Sedem3
382 3281 413 3329 ut
431 3279 557 3336 citentur‚
573 3283 600 3328 et
612 3277 756 3328 audiantur
771 3278 939 3328 Protectores
954 3273 1119 3336 monasterii,

1 3363 2 3372 ¹
95 3350 299 3415 consanguinei,
314 3353 341 3400 et
355 3349 403 3411 illi,
419 3349 466 3416 qni
482 3349 553 3400 bona
566 3349 688 3399 obtinent
703 3348 841 3408 Prolessi;
856 3348 937 3399 immo
956 3349 983 3396 et
997 3348 1120 3395 auctores

95 3421 150 3487 ipsi
164 3426 253 3472 metus
267 3420 378 3480 incussi,
390 3421 414 3472 si
422 3434 455 3472 ex
468 3424 542 3471 metu
555 3419 629 3470 nulle
640 3420 747 3470 dicatur
757 3419 897 3484 professio.
910 3416 1020 3467 Mandat
1029 3415 1120 3479 simul,

94 3496 128 3544 ut
135 3491 287 3556 Ilpiscopus
300 3492 409 3557 deputet
421 3491 598 3558 professionis
613 3491 746 3556 religiosae
761 3491 944 3546 Defensorem,
963 3487 1009 3552 qui
1023 3486 1121 3538 debeat

96 3564 125 3615 in
138 3573 222 3615 cause
236 3564 380 3615 validatem
392 3563 480 3629 ipsius
490 3563 665 3628 professionis
681 3563 824 3626 sustinere,
839 3563 867 3612 et
882 3574 897 3611 e
911 3559 999 3624 prime
1013 3561 1120 3612 senten·

96 3635 136 3687 tie
152 3635 288 3688 contraria
301 3635 439 3702 appellere
449 3655 456 3686 z
468 3649 531 3686 nam
546 3635 604 3686 sine
615 3635 721 3686 duobus
730 3632 872 3686 sententiis
882 3631 1054 3684 absolutoriis
1067 3643 1123 3679 non

99 3705 163 3765 net
174 3705 301 3782 religioso
317 3706 474 3784 religionem
487 3719 566 3763 suem
581 3705 724 3761 dimittere.
739 3705 870 3772 Quocirca
897 3703 922 3756 si
941 3701 986 3755 bic
1005 3704 1122 3768 nequeat

982 3789 1020 3844 tt.
