2490 4088
375 687 579 798 rrruuus
614 715 709 797 vur.

255 953 292 997 nr
309 952 487 1010 courrvrmvs
505 953 681 1002 cumrcouvrr
698 953 816 1001 sumum.
889 973 896 982 ·

45 1127 183 1185 tumturn:
201 1132 246 1184 so.
264 1131 390 1186 Submissio
403 1133 491 1199 reprom
508 1134 616 1200 precedit
627 1135 680 1200 jvra
693 1133 834 1200 clericorum,
848 1149 899 1202 quo
911 1135 940 1188 ad
952 1135 996 1188 tria
1009 1150 1049 1190 oo·

67 1205 103 1267 pita
121 1209 268 1256 rmocontnr.
284 1233 312 1241 -
330 1205 369 1256 tl.
383 1205 432 1258 Soli
452 1207 527 1258 clerici
547 1220 641 1272 mpaocs
660 1209 714 1258 sunt
726 1210 818 1258 actuum
835 1207 930 1273 ordinis,
944 1212 967 1259 ot
976 1209 1048 1274 juris·

65 1274 155 1327 dictonis
176 1274 348 1328 ecclesiastico.
360 1304 391 1313 -
411 1277 451 1328 68.
471 1278 497 1328 ln
513 1291 558 1342 quo
572 1277 681 1330 consistat
693 1277 832 1342 privilegium
849 1277 915 1330 ionii
931 1305 962 1316 -
975 1279 1049 1332 sot

66 1348 203 1430 mucordutis·
215 1347 260 1430 iuuit
277 1346 404 1430 inlatum,
418 1375 449 1386 -
469 1348 508 1400 to.
524 1349 580 1408 Quo
597 1350 643 1401 sint
661 1349 797 1432 temporales
809 1349 944 1431 clericorum
963 1363 1047 1432 muse,

66 1417 364 1556 courtesan
377 1421 480 1542 uerri
490 1420 724 1544 reintrat
735 1420 1048 1558 certauere

66 1560 134 1624 emptio
143 1561 302 1612 dorioomma
314 1559 408 1626 puhlicis
419 1561 508 1614 tributis
519 1564 543 1613 ot
555 1562 694 1616 munoribus.
715 1589 719 1616 ι

68 1709 103 1766 tt.
116 1712 150 1769 Ut
161 1713 245 1768 Deus
261 1708 292 1767 in
307 1709 374 1784 lege
389 1707 484 1768 veteri
502 1709 618 1768 Levitae
636 1708 668 1768 in
682 1724 770 1770 suum
789 1705 986 1770 ministerium
998 1725 1045 1769 aa·

43 1797 154 1870 sumpsit,
168 1797 215 1857 sie
229 1796 261 1856 in
275 1797 393 1856 novain
405 1813 477 1856 suos
490 1797 642 1856 ministros
656 1795 711 1856 sibi
725 1797 894 1872 segregavit
907 1797 1045 1871 Clericus,

43 1882 78 1954 qui
97 1893 204 1960 quanto
227 1883 323 1960 magis
341 1886 462 1944 fuerunt
480 1884 549 1944 elati
569 1883 599 1943 in
617 1884 743 1958 honore,
758 1891 843 1944 tanto
865 1883 981 1944 fidelius
992 1885 1045 1945 de-

43 1968 183 2049 bentleges
198 1973 257 2033 sibi
270 1973 447 2034 constitutas
471 1972 642 2047 observare,
665 1991 703 2034 ne
728 1974 765 2033 sit
784 1972 882 2033 honor
901 1973 1045 2048 sublimis,

44 2060 121 2119 civita
134 2061 289 2136 deformis,
303 2067 338 2122 ut
348 2065 378 2121 S.
389 2060 562 2121 umbrosius
575 2062 680 2122 aiebat.
691 2063 790 2122 Ethoo
799 2061 919 2138 quidem
933 2063 1044 2122 nedum

44 2145 133 2208 divinas
145 2156 176 2210 et
199 2148 421 2210 ecclesiastieae
443 2150 525 2226 leges
549 2148 785 2227 comprehendit,
812 2149 876 2222 sed,
895 2148 948 2208 ubi
961 2150 1043 2208 salva

42 2233 302 2298 sinteoolesiasticae
313 2237 507 2298 immunitatis
517 2239 595 2314 jnra,
618 2239 658 2299 ad
679 2238 850 2314 Principum
867 2255 987 2314 quoquc
999 2239 1042 2298 lo-

42 2338 79 2396 ges
89 2329 266 2402 extenditur,
281 2328 311 2387 in
326 2343 455 2404 quorum
466 2327 579 2388 ditione
590 2326 694 2388 vivunt
705 2327 792 2404 juxta
814 2331 847 2387 o.
867 2326 947 2387 Pauli
964 2344 1043 2406 prae·

42 2421 136 2488 ceptum
149 2417 190 2478 ad
203 2415 300 2478 'litum
313 2434 322 2480 ς
336 2417 470 2477 Admotis
487 2416 565 2487 illos,
584 2415 773 2492 pmoeipidns,
792 2423 818 2476 et
837 2417 1040 2492 potestatibus,

40 2502 142 2564 subditos
161 2521 234 2574 csso,
256 2505 332 2564 dieto
358 2504 481 2575 obedire,
506 2505 547 2564 od
574 2521 660 2564 octos
691 2521 763 2581 opos
783 2503 893 2564 donum
919 2512 1041 2580 paratos

40 2603 82 2649 osc
92 2597 139 2667 (l).
150 2593 206 2654 llic
220 2593 358 2654 observat
371 2592 583 2664 Theodoretus,
596 2593 769 2667 Apostolum
782 2591 923 2668 excipere
944 2592 1039 2652 nemi-

40 2692 99 2753 nem,
111 2698 172 2742 ooo
180 2680 371 2758 presbyteros,
383 2696 446 2740 oon
454 2679 605 2756 praeolat,
618 2695 680 2738 ooo
691 2675 859 2740 monach-os.

65 2768 154 2830 Clerici
174 2771 271 2830 multo
289 2768 443 2844 ampliora,
466 2783 557 2842 quam
580 2767 657 2840 laici,
676 2768 785 2827 habent
801 2770 879 2843 jura,
898 2774 928 2829 et
946 2786 1039 2829 onera

39 2857 109 2916 multo
126 2858 275 2935 graviora.
295 2862 366 2916 tura
389 2855 568 2916 elericorum
590 2855 629 2914 ad
646 2855 712 2914 haec
732 2855 789 2914 tria
802 2857 899 2931 capita
912 2864 1038 2933 possunt

38 2948 148 3006 revocari
163 2965 172 3009 2
197 2953 228 3006 t⁰
244 2947 282 3006 ad
296 2944 524 3022 prerogativam
539 2943 652 3003 ordinis
666 2950 695 3003 et
704 2943 916 3019 jurisdictionis
930 2966 937 3005 ι
952 2951 984 3004 po
998 2946 1038 3006 ad

37 3031 199 3110 privilegium
211 3034 278 3107 lori,
287 3033 421 3108 canonis,
435 3040 465 3092 et
475 3031 702 3107 competentiae:
722 3037 751 3092 3⁰
764 3033 803 3092 ad
815 3033 1036 3110 exemptionem
1140 3088 1147 3102 ,

37 3118 217 3196 muneribus,
232 3130 261 3184 et
270 3123 444 3184 muneribus
457 3120 591 3197 publicis.
694 3150 698 3158 »

57 3258 84 3324 (1)
97 3263 127 3314 ll.
142 3263 224 3316 (iord.
239 3263 330 3329 Soglia
343 3263 412 3316 inst.
425 3263 484 3315 lun.
496 3263 561 3328 pub.
573 3262 593 3313 l.
607 3263 631 3326 3,
648 3275 672 3314 e.
688 3261 710 3327 t,
725 3263 738 3328 ξ
754 3261 794 3313 58.

58 3422 94 3478 tt.
113 3422 196 3482 Circa
209 3423 348 3498 primum.
365 3421 425 3482 Soli
439 3421 539 3482 clerici
554 3438 682 3497 capaces
695 3426 766 3481 sunt
781 3425 902 3479 actuum
921 3421 1035 3483 ordinis

33 3512 181 3586 respectivi,
197 3512 247 3588 qui
261 3510 338 3571 siah
349 3510 414 3572 aliis
427 3509 609 3582 emittantur,
634 3526 695 3569 non
713 3516 828 3569 tanturn
841 3514 911 3568 sunt
931 3510 1034 3587 illiciti,

31 3596 72 3654 sed
88 3605 115 3658 et
128 3599 250 3661 invalidi
266 3620 273 3660 :
290 3599 334 3660 uti
351 3605 397 3660 est
420 3598 569 3672 ordinare,
588 3598 776 3672 confirmare,
801 3614 989 3675 consecrare,
1004 3607 1035 3660 et

131 3699 158 3756 Ι.
906 3699 921 3750 5
