2566 4102
584 189 726 247 ..30-

178 313 211 379 (tt
228 313 341 364 Errores
351 311 487 375 contrarii,
501 310 546 376 qui
558 325 631 363 nuuc
644 311 835 364 catholicarum
853 310 934 362 etiam
950 310 1089 364 nationum
1103 311 1171 364 civi-
1263 303 1264 310 '

148 387 202 438 lem
219 385 324 449 praxim
345 383 476 447 inficiunt,
496 383 615 434 damnati
631 384 741 435 luerunt
766 395 903 434 asummo
931 383 1060 434 Pontifice
1079 390 1173 435 nostro

147 458 197 509 Pio
212 456 260 518 ix,
271 456 300 505 in
313 453 432 518 Syllabo,
446 469 498 519 quo
512 457 630 506 maxima
642 461 795 508 nostrorum
808 461 956 521 temporum
972 468 1095 506 errorum
1107 469 1174 520 pars

148 527 308 590 retunditur,
325 530 356 576 ut
371 526 505 590 incolume
514 528 561 592 jus
574 526 787 578 ecclesiasticum
803 531 934 588 servetur,
949 529 976 577 et
988 527 1135 592 principes,
1151 526 1175 578 si
1263 543 1264 546 ¹

148 599 242 662 velint,
252 597 315 660 sibi,
326 597 457 662 religioni,
468 603 496 649 et
509 597 630 649 societati
637 597 796 649 *consulant
812 597 890 650 Civili
901 597 1025 662 potestati
1034 611 1088 647 uon
1099 611 1175 648 com·
1263 593 1264 660 f

148 671 215 737 petit
230 673 348 734 potestas
364 667 495 720 indirecta
504 670 584 720 etiam
593 669 716 732 negativa
725 669 753 718 in
767 668 858 720 Sacra.
872 669 1110 732 Prop.ll.Eedem
1120 682 1178 719 uon
1263 701 1264 704 =

148 745 237 807 potest
253 754 283 791 se
299 739 451 790 immiscere
467 739 559 802 rebus,
573 753 635 804 quae
657 740 692 790 cd
709 739 875 803 religionem,
902 753 999 804 mores,
1014 745 1042 792 et
1053 740 1179 804 regimen
1263 797 1264 800 Ἰ

149 810 290 876 spirituale
303 812 447 876 pertinent,
468 825 555 876 neque
571 811 605 862 de
618 811 840 862 instructionibus
854 809 987 877 judicare,
1004 827 1072 879 quas
1085 811 1177 864 eccle-

150 884 198 936 siae
211 882 339 934 Pastores
351 882 385 932 ad
396 883 619 934 conscientiarum
632 896 752 934 normam
767 896 814 945 pro
828 896 876 934 suo
890 897 1000 935 munere
1013 885 1105 946 edunt,
1124 896 1179 934 ne·
1263 911 1264 936 ;

150 969 203 1020 que
216 953 361 1005 decernere
377 953 410 1004 de
430 952 662 1005 sacramentorum
679 953 920 1015 administratione,
934 955 1004 1007 etde
1019 954 1180 1019 dispositio-

150 1027 232 1077 nibus
246 1024 280 1075 ad
299 1038 332 1074 ea
346 1024 499 1088 recipienda
515 1025 684 1086 necessariis,
698 1038 776 1090 prop.
790 1025 829 1075 ti.
852 1026 943 1090 Neque
957 1026 1087 1090 impedire
1101 1038 1178 1074 oom-

150 1096 357 1148 municationem
381 1095 522 1145 Pastorum
543 1101 569 1146 ot
593 1095 712 1146 tidelium
734 1097 853 1147 Romano
872 1096 1010 1159 Pontifioe,
1035 1110 1112 1161 prop.
1133 1095 1179 1146 49.

152 1168 246 1232 Neque
259 1169 348 1231 potest
361 1166 416 1216 ulia
425 1166 524 1217 similia
537 1167 636 1228 iacere,
651 1180 712 1232 quae
725 1167 826 1233 passim
836 1167 864 1216 in
880 1169 960 1218 citato
975 1166 1083 1232 Syllabo
1098 1166 1179 1217 dam-

151 1243 260 1289 nantur.
276 1265 307 1274 -
321 1237 353 1300 (t)
371 1237 493 1288 Ecclesia
514 1237 541 1288 in
557 1241 667 1288 externo
681 1237 829 1288 ministerio
843 1238 957 1289 visibilis
971 1243 1021 1301 est,
1041 1238 1104 1288 licet
1119 1251 1180 1290 ooe-

152 1309 228 1360 lestis
244 1309 340 1372 gratis,
355 1315 382 1359 et
397 1309 547 1359 animarum
561 1309 628 1360 tides
641 1308 727 1359 videri
740 1322 793 1359 uon
807 1309 903 1374 possim
919 1311 967 1362 sed
984 1309 1051 1360 iliud
1067 1307 1181 1368 sufficit,

152 1385 183 1432 ut
198 1379 314 1432 visibilis
327 1393 391 1432 vere
402 1380 516 1444 dicetur,
530 1384 556 1431 et
565 1379 608 1432 sit.

188 1596 233 1652 26.
249 1591 380 1652 Ecclesia
396 1591 507 1650 nedum
527 1597 571 1651 est
585 1607 722 1668 regnum,
740 1598 773 1650 ut
786 1590 991 1667 probavimus3
1016 1591 1070 1650 sed
1088 1595 1184 1652 estet

155 1681 269 1754 schola,
294 1681 324 1740 in
353 1697 413 1754 qua
440 1679 525 1739 adest
545 1669 686 1740 cathedra
707 1678 864 1740 infallibilis
879 1678 1018 1740 veritatis.
1040 1680 1183 1740 Profecto

153 1769 288 1830 Ecclesia
309 1769 398 1828 habet
421 1768 550 1828 Verbum
572 1768 704 1828 divinum
724 1770 888 1829 revelatum
904 1788 910 1828 :
928 1769 1020 1828 Adam
1033 1769 1147 1843 primus
1163 1785 1185 1827 a

153 1864 214 1918 lieo
229 1857 440 1920 revelationem
454 1857 580 1932 accepit,
594 1859 678 1933 cujus
692 1857 805 1918 semina
819 1857 956 1934 quaedam
969 1865 1059 1917 atoto
1068 1874 1185 1934 genere

153 1948 284 2007 humano
308 1952 441 2020 accepta,
465 1952 495 2005 et
515 1952 693 2006 conservata
713 1947 818 2017 iuere;
849 1946 956 2006 deinde
972 1947 1100 2022 populus
1121 1951 1183 2006 ile-

152 2035 252 2094 braeus
269 2050 323 2110 per
335 2038 465 2108 lioysem
479 2040 509 2093 et
522 2035 685 2110 prophetas
700 2051 707 2106 3
729 2033 856 2108 denique
879 2034 1010 2094 Ecclesia
1032 2034 1184 2094 catholica

124 2140 127 2148 ⁴
153 2129 320 2200 pertesum
334 2123 491 2182 Christum.
507 2127 576 2183 llaec
588 2123 691 2183 ultima
702 2123 917 2200 perfectissima
929 2122 994 2194 fuit,
1009 2130 1039 2183 et
1054 2123 1129 2195 talia,
1145 2131 1183 2184 ut

153 2227 318 2287 numquam
338 2212 478 2285 delicere,
498 2219 549 2270 aut
571 2211 723 2288 corrumpi
747 2218 857 2287 posset,
883 2211 953 2287 quia
973 2213 1010 2270 ab
1033 2211 1098 2287 ipso
1117 2217 1182 2272 lieo

154 2301 349 2376 omnipotenti
362 2308 566 2360 conservatur.
582 2307 743 2376 Propterea
757 2301 896 2360 Ecclesiae
908 2301 1112 2376 magisterium
1125 2301 1184 2360 de-

154 2392 206 2449 bet
216 2407 283 2450 esse
296 2389 455 2462 infallibile,
471 2391 559 2465 quale
571 2407 678 2450 revera
692 2396 747 2462 est,
768 2397 802 2448 ut
824 2397 942 2450 constat
961 2407 999 2450 ex
1014 2390 1183 2450 manifestis

155 2485 313 2541 Sacrarum
328 2477 548 2552 seripturarum
563 2477 707 2538 oraculis:
720 2495 788 2541 nam
798 2462 937 2538 Ecclesiae
949 2479 1088 2538 divinitus
1100 2495 1182 2538 com·

154 2567 279 2628 missum
292 2566 347 2626 fuit
355 2565 486 2626 cilicium
500 2567 625 2626 docendi
637 2583 741 2626 omnes
753 2575 857 2642 gentes
868 2569 924 2626 sub
934 2569 1100 2628 assessione
1110 2585 1182 2643 per-

154 2663 243 2732 petua
256 2655 381 2732 Spiritus
395 2655 486 2714 divini
502 2675 508 2714 :
522 2657 633 2716 Eamus
649 2656 742 2715 docete
755 2673 856 2718 omnes
869 2665 975 2732 proter,
997 2664 1067 2728 eto,
1081 2665 1107 2716 et
1122 2674 1185 2716 ecee

156 2763 204 2822 epo
217 2745 364 2805 nodutum
376 2763 446 2806 sam
460 2747 596 2805 onia-ihm
611 2745 708 2804 diebos
726 2763 818 2820 usque
842 2747 882 2805 od
896 2747 1185 2805 consummationem

155 2833 318 2906 recutiti).
335 2833 412 2894 Petri
424 2835 498 2893 fides
512 2835 641 2894 deficere
654 2833 768 2908 nequit,
781 2852 836 2909 pro
853 2852 910 2910 qua
921 2833 1015 2893 oravit
1029 2835 1161 2894 Christus
1176 2854 1183 2892 :

19 2935 20 2938 ’
59 2949 62 2955 ·
156 2924 215 2998 Epo
229 2923 330 2998 ropom'
342 2939 396 2998 pro
413 2931 448 2992 te,
469 2931 510 2982 est
524 2941 585 2993 ooo
597 2921 711 2998 dedolat
725 2923 796 2997 sides
811 2931 864 2982 tua
879 2927 930 2994 (t).
951 2928 1058 2982 contra
1079 2924 1186 2982 Eccle-

155 3011 230 3071 siam
253 3029 344 3087 supra
366 3017 484 3071 Petrum
507 3013 660 3071 fundatam
682 3029 743 3070 non
765 3018 891 3087 possunt
909 3013 1071 3087 praevalere
1085 3018 1185 3086 portae

152 3099 240 3160 inlcri
255 3105 305 3174 (3),
322 3118 390 3160 eum
405 3100 442 3160 sit
457 3101 585 3160 Ecclesia
600 3101 652 3160 Dei
674 3101 733 3160 oiut'
747 3099 896 3175 columae,
917 3109 944 3160 et
955 3101 1186 3176 firmamentum
1263 3135 1264 3138 =

156 3188 288 3248 veritatis
303 3193 353 3262 (t).
369 3195 447 3248 lteus
461 3196 506 3247 est
520 3189 688 3262 infallibilis
702 3205 760 3248 nee
772 3195 872 3264 potest
884 3188 915 3248 in
936 3188 1186 3264 promissionibus

157 3277 219 3336 suis
233 3278 361 3339 deficere
376 3297 382 3337 :
403 3295 475 3354 ergo
486 3277 645 3338 infallibilis
659 3285 705 3338 est
718 3277 849 3338 Ecclesia
860 3295 914 3338 sua
927 3279 958 3336 in
974 3277 1044 3338 tidei
1057 3277 1184 3352 dogma-

153 3367 232 3428 tibus
245 3367 434 3441 definiendis,
449 3384 630 3444 morumque
645 3367 782 3429 doctrina
797 3367 939 3428 tradenda
952 3372 1003 3442 (5).

189 3461 251 3517 lloo
270 3457 339 3516 fidei
366 3459 519 3518 catholicae
534 3458 645 3534 dogma
677 3458 902 3518 fundamentale
915 3462 970 3530 est,
989 3462 1019 3517 et
1043 3456 1185 3517 omnibus

153 3545 217 3606 aliis
235 3545 375 3620 antenna,
396 3548 464 3622 quia
479 3547 574 3622 prima
601 3553 646 3606 ost
670 3545 822 3616 certitudo
836 3544 1026 3608 revelationis
1039 3547 1137 3620 factae,
1152 3554 1184 3608 et
