2566 4102
574 221 771 270 ..mm-

154 333 351 396 terminantur
371 335 440 406 696,
460 331 576 394 incasu
595 329 781 394 necessitatis
800 329 937 410 primitie
960 337 1088 408 possunt
1110 347 1180 394 esse

154 421 338 500 obligaveris·
350 421 401 495 16.,
420 425 448 482 9

188 516 373 573 9661611166
386 509 556 586 tempomlis
569 509 678 570 summi
696 508 847 572 Ponticis
860 513 924 583 191,
945 513 982 582 1,
997 509 1075 570 16166
1096 495 1181 571 bona

153 598 352 662 ecclesiastica
374 597 575 674 principaliter
595 604 769 660 recensetur
787 602 854 671 699,
869 596 916 658 616
928 595 1113 674 temporibus
1133 605 1182 660 661

153 705 270 750 srunrno
279 687 414 748 Pontifici
427 687 612 748 necessarius
625 691 694 761 699,
707 693 858 762 66166661,
874 685 1130 764 6116611166616,
1144 693 1179 764 1,

153 777 192 838 ad
202 777 253 854 jus
266 775 405 838 Ecclesiae
417 775 593 836 universalis
603 775 733 852 pertinet
750 776 800 848 16.,
814 779 848 852 9,
863 777 975 838 electus
994 781 1074 852 Papa
1085 777 1180 854 16661,

154 882 187 928 se
201 866 317 926 salvium
328 871 358 926 61
371 865 520 941 integrum
533 863 784 939 6666166666,
800 869 827 924 1.

188 958 387 1024 ruminatur,
402 954 526 1030 ejusque
539 951 699 1014 divisiones
717 957 763 1014 11.
786 951 949 1014 9166116166
967 951 1045 1013 inter
1058 949 1181 1028 privile·

151 1042 352 1120 6166661166
370 1041 587 1118 singularem,
611 1047 639 1102 1.
661 1041 850 1118 rndlegium
868 1039 926 1102 fori
938 1045 988 1114 69,
1004 1058 1063 1101 666
1078 1048 1182 1118 potest

152 1149 207 1210 per
219 1131 370 1210 principes
384 1131 543 1192 saculares
556 1129 676 1202 auferri,
691 1146 790 1206 neque
808 1129 840 1190 16
854 1135 917 1190 1616
931 1147 985 1206 per
997 1135 1108 1206 Papam
1125 1129 1179 1204 16.,

152 1227 185 1295 1,
209 1227 308 1298 potest
325 1237 380 1298 per
400 1224 511 1298 Papam
533 1218 652 1280 limitari
673 1221 726 1290 69,
742 1235 804 1278 666
826 1236 883 1296 per
903 1217 1055 1296 principes
1076 1217 1126 1290 16.,
1141 1223 1177 1293 9,

151 1327 227 1388 quas
242 1327 351 1371 666666
370 1326 430 1370 non
450 1308 685 1384 comprehendat
697 1311 744 1368 76.
760 1311 840 1384 Papa
851 1313 950 1382 potest
963 1307 1034 1368 dere
1045 1305 1181 1383 judicem

55 1425 59 1434 ·
151 1398 260 1460 laicum
282 1399 311 1458 in
333 1397 533 1466 criminalibus
550 1401 615 1470 769,
637 1401 665 1456 1.
690 1394 879 1472 privilegium
901 1395 1025 1456 canonis
1045 1398 1094 1470 71,
1110 1413 1180 1474 quae

152 1485 286 1548 actiones
306 1477 371 1562 ejus
394 1483 586 1546 violationem
605 1483 865 1560 1666666116.,9,
886 1500 978 1560 poena
998 1481 1181 1548 violatorum

151 1579 202 1649 79,
218 1575 269 1652 (161
283 1574 384 1635 6161161
396 1573 468 1635 illud
481 1569 616 1634 amittant
629 1577 676 1648 71,
690 1577 718 1633 9.

186 1659 1103 1739 9666667996116666166611166616.,(16666ι1611616116
1118 1658 1179 1722 ori·

151 1752 429 1828 minalibusila312
448 1749 573 1826 directe,
593 1757 624 1812 et
642 1749 789 1812 indirecta
804 1749 856 1812 16..
849 1770 856 1781 ·
871 1767 912 1812 ex
931 1751 1008 1828 lege,
1022 1755 1052 1812 et
1073 1767 1113 1810 ex
1132 1749 1178 1812 fe-

153 1848 203 1904 cto
216 1841 256 1904 16.

145 1911 149 1920 ⁴
186 1931 368 1988 Procerum
378 1923 564 1986 ’16106616
586 1926 756 2002 procedure
774 1923 925 2009 curiarum
947 1923 1136 1988 6666161166)
1158 1941 1179 1984 6

149 2016 218 2096 jure
232 2013 380 2075 canonico
393 2013 522 2076 deducta
536 2018 643 2088 796,1.

186 2109 347 2166 Procnssns
366 2119 403 2164 66
423 2103 589 2180 1616616616
608 2104 785 2166 6666666116
798 2108 848 2178 79,
867 2121 906 2164 66
928 2104 1023 2182 possit
1043 2099 1179 2164 adhiberi

150 2193 182 2256 in
207 2191 323 2254 delictis
343 2191 534 2269 patriciatu„
552 2195 579 2252 9.
596 2192 804 2254 Processusin
826 2189 1132 2270 61666666111666616,
1147 2197 1179 2253 6ι

151 2283 217 2359 6166
232 2281 505 2358 16666666116186.

190 2375 369 2432 Puocvnarro
384 2369 484 2430 debita
496 2369 644 2471 Episcopo
658 2369 800 2446 visitanti,
812 2323 863 2432 vel
879 2371 944 2447 6166
961 2371 1097 2448 delegato
1111 2372 1177 2446 166,

150 2464 165 2522 1
183 2468 210 2520 61
222 2463 294 2521 161
283 2458 381 2536 ,quid
399 2475 436 2520 66
457 2458 542 2521 111616
556 2458 693 2536 accipere
710 2466 801 2538 queat
815 2463 882 2534 169,
898 2459 1017 2537 quando
1030 2457 1177 2536 1666616-

151 2548 265 2610 tionem
278 2555 388 2626 petere
393 2554 522 2628 nequent
534 2549 605 2608 16.

183 2641 371 2698 9666661166
384 2641 450 2710 769,
466 2637 504 2696 ad
514 2636 581 2698 lites
595 2635 645 2710 16
656 2635 842 2700 differentio'
834 2637 931 2712 mter
924 2653 1032 2714 rpsum,
1043 2641 1073 2698 61
1082 2635 1177 2697 advo

150 2732 251 2788 catum
265 2731 332 2800 769,
348 2726 437 2786 debet
452 2725 593 2787 exhibere
607 2727 780 2788 mandatum
793 2733 860 2788 761·
854 2725 941 2804 ,6616
960 2727 1129 2802 repellatur,
1145 2733 1178 2788 61

150 2814 307 2892 inquibus
326 2815 425 2876 censis
442 2816 480 2876 61)
498 2814 597 2876 officio
616 2815 820 2891 procuratoris
840 2821 903 2886 766,
923 2821 956 2888 91
972 2815 1091 2890 quando
1110 2815 1177 2892 ejus

151 2903 283 2965 officium
298 2910 396 2964 cesset
408 2908 471 2964 767.
487 2908 666 2966 Procurator
677 2905 788 2966 fiscalis
802 2905 885 2976 (lide
898 2903 1042 2974 Fistelia.)

183 2996 338 3054 Pnornssvo
351 2991 489 3068 religiosa
501 2996 571 3052 919;
585 3009 738 3069 expresso,
753 3000 785 3055 61
797 2990 948 3066 16611616,
958 2991 1024 3054 haec
1038 2991 1175 3068 quando-

150 3097 209 3160 que
223 3099 262 3142 ex
273 3079 359 3142 novis
372 3080 499 3142 decretis
510 3097 570 3140 nou
584 3081 747 3142 admittitur
757 3083 808 3152 16.,
824 3088 837 3142 1
850 3101 857 3142 :
870 3081 1022 3156 solemnis,
1034 3088 1064 3142 et
1077 3081 1177 3142 minus

151 3170 292 3230 solemnis
314 3169 352 3229 16.
376 3169 516 3231 Remedia
534 3169 726 3245 professionis
747 3171 836 3232 nullae
857 3169 941 3241 16.,9
963 3175 1030 3231 619.
1046 3170 1176 3230 Effectus

150 3258 292 3319 solemnis
310 3254 503 3334 professionis
517 3260 581 3318 999.
597 3259 725 3320 Effectus
739 3258 931 3336 professionis
948 3259 1047 3319 minus
1063 3259 1176 3318 solem·

151 3345 196 3406 uis
213 3351 281 3420 991,
298 3346 405 3424 quibus
423 3345 712 3422 congregationibus,
731 3354 761 3407 et
774 3345 927 3408 ordinibus
944 3347 1010 3406 haec
1029 3345 1175 3424 professio

150 3433 336 3495 adscribatur
349 3436 400 3507 ib.3
410 3451 449 3494 ex
460 3451 539 3494 novo
554 3435 673 3495 decreto
691 3436 837 3511 professio
848 3437 1029 3512 regularium
1040 3435 1176 3496 virorum

151 3519 293 3599 inprime
316 3522 444 3584 triennio
465 3522 582 3584 videtur
603 3523 702 3583 minus
724 3523 866 3586 solemnis
883 3524 933 3598 16.,
953 3529 980 3584 1.
1005 3523 1121 3585 19661116
1143 3523 1174 3584 16

150 3610 283 3694 periculo
304 3611 410 3679 mortis
430 3617 528 3691 potest
545 3611 759 3692 professionem
778 3614 911 3675 emittere
933 3617 996 3685 939,
1011 3618 1038 3675 1.
