2468 4090
614 221 773 279 ..208-

178 351 205 404 ct
218 343 368 418 hortatur,
381 349 417 404 ut
430 341 602 403 dictamum
610 349 825 420 praceptorum
840 358 985 403 memores
996 343 1120 420 [uotique
1135 345 1183 419 tor·

176 447 229 492 uto
240 433 334 508 grecis
347 432 381 492 itt
389 431 512 508 judicto,
527 437 555 492 et
568 433 689 492 veritate
701 439 824 506 pmonm
837 438 865 490 et
878 439 994 508 regant.

212 521 256 581 0b
269 520 401 581 debitum
415 537 484 580 suas
495 520 678 596 agnoscendi
692 536 765 580 oves
773 521 926 580 parochus
937 525 1056 580 tenetur
1063 520 1183 580 omnibus

175 607 307 685 vigilare,
333 608 464 669 officium
485 607 656 684 parochiale
681 624 735 684 per
758 625 792 668 se
815 608 913 684 ipsum
936 626 1079 669 exercere
1098 613 1143 684 (t),
1161 616 1183 668 et

177 703 405 773 praeostatum
416 695 582 757 animarum
591 713 712 756 suarum
723 703 850 772 quatuor
863 699 1062 771 conficere-et
1072 697 1183 758 retinere

173 785 277 860 libros,
290 787 322 846 in
342 802 471 864 quotum
484 785 581 862 primo
595 786 819 861 baptizatorum,
834 786 866 845 in
887 787 1020 846 secundo
1039 787 1182 847 conflrma-

174 881 286 950 torum,
309 875 339 934 in
367 875 455 936 tertio
479 874 756 948 matrimoniorum,
781 881 812 935 et
833 874 863 934 in
885 882 991 951 quarto
1012 883 1184 935 mortuorum

177 964 299 1024 nomine
315 964 441 1025 fideliter
461 971 491 1024 et
508 970 648 1024 accurate
668 963 875 1026 describantur
889 967 940 1038 (3).
956 964 990 1026 lli
1003 965 1070 1024 libri
1083 982 1119 1024 er
1129 966 1183 1040 jue

175 1053 322 1116 canonico
335 1052 489 1131 digerendi
501 1060 571 1119 sunt
578 1053 665 1130 juxta
678 1052 799 1114 Ritualis
813 1053 935 1114 Romani
949 1054 1157 1131 prescriptum.

203 1215 239 1284 (l)
252 1217 325 1270 sess.
338 1216 378 1282 23,
393 1230 416 1270 c.
432 1218 442 1268 l
458 1217 492 1269 da
506 1217 555 1270 rel.
569 1242 600 1254 -
616 1217 652 1282 (1)
666 1217 787 1270 Barboea
800 1216 834 1269 ad
850 1217 925 1270 Trid.
941 1217 1013 1272 Sess.
1029 1219 1071 1284 23,
1085 1233 1106 1272 o.
1123 1221 1143 1283 l,
1156 1217 1182 1270 do

174 1287 224 1342 rei.
236 1303 264 1342 n.
279 1289 320 1346 18.
333 1315 366 1328 -
378 1289 414 1354 (3)
427 1287 594 1342 Monecellns
605 1300 632 1354 p.
651 1287 674 1349 1,
690 1291 709 1341 t.
726 1287 763 1352 10,
773 1302 801 1340 n.
814 1290 836 1340 l.

208 1467 271 1526 toa.
287 1464 331 1525 0b
344 1463 476 1526 debitum
490 1464 634 1524 offerendi
648 1463 826 1526 sacrificium
839 1469 958 1526 tenetur
967 1466 1090 1542 singulis
1103 1463 1182 1526 bomi-

172 1553 258 1628 nicia,
271 1560 302 1614 et
314 1553 426 1615 festivis
438 1553 476 1613 de
493 1560 655 1629 praecepto,
671 1571 728 1614 nec
742 1572 802 1614 non
820 1561 850 1615 et
868 1555 1007 1615 omnibus
1020 1556 1110 1629 testis,
1125 1571 1180 1630 quae

172 1644 336 1706 elimarent
349 1643 388 1704 de
400 1649 563 1719 praeeepto,
574 1649 604 1702 et
614 1660 696 1703 nunc
709 1661 870 1720 suppressa
880 1650 950 1703 sunt
959 1649 1010 1718 (l),
1024 1662 1079 1721 pro
1089 1645 1181 1704 eodem

170 1750 226 1794 suo
239 1733 352 1809 populo
365 1731 480 1792 llissem
494 1731 656 1805 celebrare,
668 1739 698 1792 et
711 1733 871 1808 applicare,
884 1734 953 1794 lieet
966 1733 1137 1795 beneficium
1150 1732 1180 1792 sit

168 1821 255 1882 valde
266 1827 365 1893 tenue,
378 1829 408 1880 et
421 1837 586 1895 congruam
598 1821 705 1880 habeat
717 1820 862 1881 incertam
876 1827 927 1894 (a).
1218 1837 1219 1848 ¹

207 1910 250 1969 Ob
264 1907 397 1970 debitum
410 1908 629 1985 praedicationis
641 1914 681 1983 (3)
695 1915 814 1970 tenetur
827 1909 930 1970 diebus
947 1912 1051 1973 saltem
1065 1907 1179 1971 Domini·
1218 1929 1219 1992 3

170 1995 224 2071 cis,
239 2002 269 2057 et
281 1997 365 2057 festis
381 1997 564 2058 solemnibus
578 2014 632 2073 per
647 2015 690 2072 se,
705 1999 753 2058 vel
773 2015 827 2073 per
845 1998 935 2058 alium
949 2000 1087 2060 idoneum
1105 1996 1177 2058 oleri-

169 2103 239 2146 cum
254 2091 306 2161 (t),
326 2086 352 2146 si
372 2086 436 2163 ipse
459 2086 588 2162 legitime
609 2086 647 2146 sit
659 2086 829 2163 impeditus,
844 2089 981 2148 fidelibus
996 2088 1057 2150 suis
1069 2088 1178 2148 verbum

168 2175 302 2236 divinum
311 2174 453 2236 nunciare
465 2175 602 2236 docendo
614 2193 682 2236 oum
693 2176 829 2236 breuitate
841 2184 868 2236 et
884 2179 1025 2242 facilitate
1038 2175 1175 2247 sermonis,

168 2283 242 2342 quos
255 2266 379 2326 virtutes
392 2265 636 2342 teutonicaeque
651 2273 781 2342 oporteat
794 2267 866 2326 vitio
880 2267 1028 2326 declinare
1041 2272 1094 2341 (5),
1110 2263 1176 2340 quod

168 2355 336 2430 sinegligat
346 2371 399 2430 per
414 2360 473 2414 tret
481 2371 613 2428 mensae,
629 2361 699 2430 post
714 2352 821 2414 trinam
834 2353 1030 2415 monitionem
1044 2361 1133 2432 potest
1145 2351 1175 2410 ab

167 2444 315 2520 Episcopo
338 2441 437 2519 puniri
457 2443 603 2518 censuris,
626 2450 677 2503 aut
697 2442 795 2519 aliqua
818 2444 1022 2504 subtractione
1043 2446 1176 2504 fructuum

167 2533 314 2606 beneficii,
330 2548 406 2608 quos
418 2530 460 2593 illi
476 2532 595 2605 tribuat,
615 2532 665 2608 qui
683 2531 714 2591 in
727 2532 786 2592 hoc
800 2533 865 2608 ejus
876 2531 979 2608 implet
995 2534 1121 2593 officium
1133 2532 1173 2600 (6).

167 2625 269 2698 Neque
283 2637 319 2681 eo
333 2620 390 2680 sub
404 2626 552 2696 praetextu
565 2627 664 2695 potest
678 2619 826 2694 excusari,
845 2621 927 2696 quod
946 2623 994 2681 vel
1017 2621 1134 2697 exiguus
1145 2616 1174 2674 sit

167 2709 349 2770 audientium
361 2724 513 2781 numerus,
529 2711 576 2770 vel
590 2716 725 2810 tempore
737 2708 898 2783 Adventus,
911 2715 941 2769 et
956 2708 1173 2786 Quadragesirue

166 2797 214 2858 alii
237 2797 465 2858 concionatores
485 2797 555 2856 huic
573 2796 690 2858 muneri
712 2795 935 2869 satisfaciente
937 2801 958 2868 ).
984 2797 1105 2869 Quod
1085 2815 1108 2858 si
1122 2796 1174 2872 ipse

165 2886 252 2948 dictis
260 2885 445 2962 temporibus
455 2884 526 2946 velit
538 2885 674 2946 extranei
687 2885 908 2946 concionatoris
920 2893 1023 2962 partes
1034 2885 1171 2954 sustinere,

163 2981 264 3050 potest
286 2973 416 3051 quidem,
433 2974 487 3034 aed
510 2981 685 3034 consuetam
709 2976 931 3049 eleemosynam
958 2982 1100 3035 extraneo
1122 2967 1172 3032 dati

165 3064 283 3126 solitam
294 3064 332 3123 ab
346 3063 477 3124 Ecclesia
490 3069 594 3139 petere
605 3063 718 3138 nequit,
735 3062 803 3138 quia
816 3080 855 3122 ex
870 3063 1015 3124 beneficio
1027 3065 1089 3142 jam
1100 3061 1173 3124 habet

165 3166 242 3211 onus
266 3151 457 3227 praedicandi,
483 3159 514 3212 et
536 3153 707 3212 mercedem
730 3151 862 3215 laboris:
878 3152 939 3214 sed
958 3161 1061 3228 posset
1082 3151 1171 3212 dietant

162 3241 387 3318 eleemosynam
401 3248 515 3317 petere,
529 3241 554 3300 si
568 3240 678 3302 adhoc
692 3258 731 3302 ex
744 3240 843 3316 aliquo
857 3243 963 3316 legato,
971 3244 1019 3349 vel
1031 3240 1171 3302 donatione

165 3334 245 3388 esset
256 3329 414 3405 assignata.

197 3465 233 3532 (l)
242 3465 299 3517 Hoc
312 3466 383 3532 quod
394 3467 452 3532 jam
465 3467 568 3532 pluries
583 3465 743 3518 suavatas.
759 3466 970 3532 congregatione
984 3464 1144 3528 delinitum,
1138 3476 1170 3514 to·
1216 3461 1217 3470 ’

165 3535 328 3588 violabiliter
342 3537 458 3588 tirmavit
472 3539 537 3589 Pius
553 3539 628 3603 Papa
639 3537 677 3588 lll
691 3537 719 3588 in
733 3551 783 3600 sua
797 3538 940 3602 ilnoyclica
953 3539 988 3590 ad
1002 3553 1092 3591 omnes
1107 3534 1170 3590 Orbis

165 3607 315 3673 Episcopoa
329 3607 384 3660 diei
397 3609 411 3660 3
424 3607 488 3660 maii
502 3608 564 3660 1858
578 3622 640 3674 quae
653 3609 759 3675 incipit,
772 3608 971 3675 amentissimi,
987 3611 1015 3662 in
1030 3624 1081 3678 qua
1092 3607 1168 3662 decla-
