2468 4090
505 185 679 242 ...pm-

66 301 179 364 ventio
204 303 342 364 ordinate
367 309 415 364 est
435 303 474 364 nd
492 302 698 381 spirimalieet
717 307 892 383 temporalis
914 305 1045 384 capiuli,
1073 313 1105 368 et
1222 265 1223 268 Ἴ

66 390 216 452 Ecclesiae
235 391 354 468 negotia
374 391 432 453 rite
446 392 625 468 delinienda,
648 409 688 455 ex
706 409 766 470 quo
779 394 934 472 utriusque
946 395 1062 458 bonum
1073 401 1104 457 et

64 479 201 540 felicitas
214 480 335 556 pendet.

98 609 137 676 (l)
150 609 278 663 Barboss
290 609 325 664 de
338 609 440 664 Cenon.
456 597 516 678 cep'.
531 609 556 676 l,
570 624 599 664 n.
612 609 637 664 l.

101 773 173 832 182.
190 769 297 847 Quinto
315 771 447 846 demum,
461 775 600 832 tenentur
614 769 753 832 Ecclesiae
767 769 948 831 cathedralis
962 771 1103 834 canonici

65 859 148 920 inira
163 860 243 920 duos
257 877 404 922 mensesa
416 859 465 921 die
477 860 593 936 edeptae
606 859 805 937 possessionis
816 858 986 935 praebendee
1000 877 1103 923 coram

66 949 224 1026 Episcopo
239 955 269 1010 et
283 949 415 1026 capitulo
431 950 500 1011 fidei
514 950 730 1026 professionem
740 949 938 1025 personaliter
956 950 1101 1027 emittere,

65 1037 205 1114 alioquin
225 1039 341 1099 fructus
358 1039 528 1116 praebendae
551 1037 617 1115 ipso
632 1040 699 1114 iure
711 1038 854 1098 'emittunt
868 1041 920 1112 (l),
940 1038 1011 1099 licet
1022 1039 1103 1100 aliud

67 1126 207 1187 obtineat
217 1127 299 1188 circs
312 1127 535 1188 distributiones
556 1127 753 1204 quotidianas,
770 1132 804 1186 nt
820 1125 1027 1187 animadvertit
1047 1132 1103 1188 Be·

66 1217 210 1276 nedictus
227 1221 287 1277 xlv
301 1219 353 1288 (2)-
367 1221 431 1276 lloc
446 1223 546 1278 tamen
562 1231 639 1277 onus
658 1215 797 1277 Ecclesiae
819 1214 990 1291 simpliciter
1008 1216 1101 1276 Colle·

66 1304 158 1380 giatae
174 1304 342 1380 canonicis,
357 1311 388 1366 et
400 1305 594 1382 Dignitatibus
612 1323 630 1364 a
647 1305 715 1382 jure
733 1303 886 1366 communi
899 1321 961 1364 non
973 1303 1101 1380 imponi-

69 1399 125 1468 tur,
157 1393 220 1454 nisi
248 1410 353 1455 curam
374 1399 480 1470 gerent
499 1393 674 1468 animarum,
702 1393 745 1453 uti
768 1411 786 1452 a
812 1397 841 1454 S.
867 1391 1102 1469 congregatione

68 1483 206 1544 decisum
218 1484 311 1545 refert
325 1483 427 1543 Garcia
441 1485 492 1555 (3).

99 1631 135 1697 (1)
144 1631 215 1684 'Erid
233 1645 301 1684 sess.
314 1632 354 1696 24,
371 1646 394 1684 c.
414 1631 452 1696 tt,
469 1631 503 1684 de
517 1631 566 1683 rel.
581 1631 695 1684 Fructus
711 1629 751 1682 sic
764 1630 857 1684 emissi
871 1631 1038 1691 accrescunt,
1052 1642 1099 1682 cc-

68 1703 165 1767 pitulo.
185 1704 364 1771 decooperius
380 1703 398 1754 l.
414 1703 439 1766 l,
456 1705 476 1756 t.
495 1702 534 1765 10,
550 1717 578 1756 ιι.
595 1703 619 1756 3.
638 1728 669 1742 -
681 1703 718 1768 (t)
732 1703 799 1756 lust.
813 1701 853 1766 60,
864 1715 892 1756 n.
909 1702 947 1754 15.
964 1728 995 1739 -
1008 1701 1045 1767 (e)
1057 1701 1098 1755 De

70 1773 161 1828 benef.
176 1789 205 1842 p.
222 1774 247 1839 3,
265 1788 289 1826 c.
304 1773 329 1838 3,
346 1787 374 1826 n.
391 1773 429 1826 u.

102 1963 168 2021 183.
197 1959 249 2020 llis
273 1959 415 2020 oneribus
441 1951 627 2035 respondent
645 1958 813 2034 commode,
833 1975 900 2036 quae
918 1959 1048 2022 maxime
1067 1959 1100 2019 in

70 2047 223 2109 fructuum
235 2047 428 2125 perceptione
442 2049 617 2108 consistunt.
634 2053 758 2108 Fructus
772 2053 872 2108 autem
886 2048 1101 2111 beneficiorum

72 2137 196 2214 duplicis
218 2144 288 2198 sunt
308 2135 426 2213 generis
443 2157 449 2197 :
464 2135 513 2196 alii
527 2136 666 2196 dicuntur
684 2137 798 2197 tructus
810 2136 912 2212 annui,
925 2137 973 2198 vel
987 2137 1099 2213 simpli·

71 2225 143 2287 citer
156 2228 275 2286 fructus
295 2225 474 2302 praebendae,
491 2231 526 2285 ut
539 2231 608 2294 sunt
621 2224 765 2301 redditus,
784 2233 958 2302 proventus,
973 2233 1002 2287 et
1016 2243 1098 2287 emo-

70 2312 214 2389 lumenta,
229 2332 297 2391 quse
311 2316 478 2390 procedunt
498 2331 537 2373 ex
552 2313 650 2387 bonis,
665 2330 719 2373 seu
730 2314 845 2390 juribus
858 2315 929 2390 fixe,
946 2320 976 2375 et
990 2331 1098 2392 perpe-

70 2407 119 2463 tuo
134 2403 284 2464 beneficio
299 2403 431 2478 adnexis,
446 2419 572 2478 quaeque
585 2401 722 2462 beneficii
740 2403 841 2464 dotem
855 2403 1051 2477 constituunt3
1068 2412 1099 2465 et

69 2490 114 2550 elii
132 2492 358 2553 distributiones
380 2490 559 2568 quotidienae
578 2491 775 2566 appellentur,
795 2498 829 2552 ut
843 2498 912 2551 sunt
923 2499 1097 2567 proventus,

70 2581 117 2655 qui
139 2580 346 2658 percipiuntur
358 2599 414 2657 pro
433 2579 524 2640 certis
537 2579 679 2639 oneribus
693 2579 862 2654 missarum,
879 2581 1097 2642 anniversario-

57 2681 145 2744 -rum,
172 2670 357 2746 aliarumque
384 2669 585 2743 functionum,
611 2668 720 2745 quique
742 2668 774 2732 in
794 2669 926 2746 singulos
954 2670 1027 2745 dies,
1049 2670 1097 2730 vel

69 2767 151 2819 ectus
166 2757 392 2818 distribuuntur.
413 2757 454 2817 llli
467 2755 614 2816 Canonieo
628 2757 816 2832 assignantur
829 2769 953 2836 propter
967 2775 1098 2821 annrrem

70 2842 98 2902 in
111 2848 182 2908 loco
196 2849 389 2908 canonicatus
401 2845 609 2919 residentiam3
627 2845 691 2906 istae
704 2853 828 2923 propter
850 2847 1053 2924 quotidianam
1065 2847 1097 2908 in

69 2933 162 2996 choro
177 2937 377 3013 praesentiam.
393 2940 429 2996 Et
441 2934 467 2994 si
479 2933 510 2993 in
524 2933 622 3010 aliqua
635 2936 767 2996 Ecclesia
781 2936 938 3012 collegiata
956 2935 1096 2997 distribu-

68 3021 163 3085 tiones
180 3025 270 3084 nullae
284 3024 353 3098 sint,
375 3025 423 3084 vel
439 3023 479 3082 ite
501 3029 616 3098 tenues,
635 3029 670 3083 ut
686 3023 884 3085 verisimiliter
902 3024 1011 3100 negligi
1025 3041 1095 3100 pos-

70 3111 134 3186 sint,
163 3113 284 3175 tertiem
303 3120 420 3191 partem
446 3130 705 3190 quorumcumque
729 3121 930 3192 proventuum
944 3119 1043 3191 potest
1066 3119 1097 3174 et

69 3199 154 3264 debet
177 3202 343 3280 Episcopus
368 3220 386 3264 a
411 3202 580 3280 prebendis
608 3204 746 3280 avellere,
766 3203 847 3264 etin
871 3202 1096 3266 distributiones

71 3298 245 3352 convertere
256 3297 307 3367 (t).
926 3312 932 3322 ·

97 3437 131 3502 (l)
145 3436 220 3490 Trid.
234 3452 301 3490 sess.
316 3439 358 3504 21,
375 3453 398 3493 c.
409 3438 438 3500 3;
450 3441 478 3491 et
491 3453 560 3492 sess.
572 3438 613 3501 22,
627 3453 650 3492 c.
665 3439 690 3505 3,
704 3439 738 3491 de
752 3439 801 3493 rel.
813 3435 1092 3496 Has'distributiones

72 3509 236 3569 quotidianas
255 3509 302 3562 Ivo
316 3510 489 3564 cornotensis
511 3512 617 3576 primus
637 3509 788 3564 instituisse
802 3511 912 3574 dicitur,
927 3515 957 3563 ut
970 3527 1038 3580 quos
1056 3511 1091 3566 sd

71 3573 146 3634 hores
161 3582 305 3637 canonicas
326 3583 405 3650 panis
418 3583 518 3636 interni
528 3582 638 3638 relectio
658 3596 713 3638 non
726 3583 859 3650 movebat,
870 3584 952 3650 penis
965 3584 1089 3653 corporei
