2566 4102
520 699 723 784 TITULUS
749 701 798 780 ll.

437 973 474 1016 DE
492 969 616 1016 CORPORE
634 968 713 1014 touls
731 965 875 1014 omoulot.

143 1153 291 1206 Surrentum
310 1175 317 1205 ι
334 1155 359 1205 7.
375 1154 417 1206 Jue
426 1152 686 1212 eoeleeieeticumvetus,
700 1150 800 1203 medium
818 1151 840 1202 et
854 1159 948 1200 nouum.
967 1172 995 1182 -
1010 1147 1034 1198 8.
1049 1144 1171 1198 collectio-

173 1240 215 1278 nes
230 1227 351 1278 Gauonm
362 1225 421 1292 luris
435 1224 527 1276 veteris.
544 1253 575 1262 -
590 1226 614 1276 9.
635 1225 697 1283 Quot
708 1227 784 1288 mutes
797 1219 911 1273 contineat
927 1217 1015 1284 Corpus
1026 1217 1086 1283 juris
1099 1230 1168 1268 cene·

174 1297 227 1348 uici.
242 1327 275 1336 -
292 1299 332 1348 10.
347 1298 465 1348 Decretum
477 1295 586 1348 Gratiani.
602 1323 633 1332 -
646 1296 685 1346 lt.
698 1294 826 1346 mucules
837 1289 939 1354 Gregorii
951 1289 990 1339 lll.
1005 1318 1036 1327 -
1052 1289 1089 1338 lt.
1106 1288 1168 1338 Sex-

173 1373 210 1422 tus
229 1369 396 1420 Docetelium.
412 1396 439 1404 -
460 1369 496 1418 13.
512 1367 666 1419 clementina.
684 1395 714 1407 —
736 1367 772 1417 tl.
789 1365 967 1426 Eutraveguntes
982 1360 1077 1412 Joennls
1095 1359 1168 1418 llllll,

173 1444 196 1491 et
211 1453 356 1491 communes.
373 1467 404 1476 -
423 1440 459 1490 15.
476 1439 518 1490 Jus
532 1452 619 1490 novum
638 1453 665 1490 ex
682 1437 763 1503 quibus
779 1437 877 1487 nuent.
896 1460 927 1469 -
946 1433 982 1483 16.
1002 1431 1170 1482 Decimetioues

173 1525 291 1563 numum
304 1511 521 1576 congregationum,
533 1513 556 1562 et
570 1510 662 1574 ltegulu
674 1507 827 1562 Conectens.
840 1533 871 1543 -
885 1505 924 1556 tr.
939 1502 1090 1556 concordata.

176 1703 205 1757 ¹1.
220 1701 302 1757 luter
313 1695 416 1772 plures
428 1697 510 1773 leges
523 1695 648 1757 diversis
661 1695 847 1770 temporibus
863 1693 901 1752 ab
918 1690 1050 1752 Ecclesia
1064 1687 1170 1750 consti-

145 1793 221 1847 tutas
235 1792 307 1845 sunt
319 1786 466 1861 quaedam,
482 1803 549 1861 quae
566 1801 713 1844 esumrno
725 1785 867 1846 Pontilloe
881 1788 919 1846 ed
933 1785 1105 1860 exemplum
1118 1781 1169 1840 im-

142 1875 290 1952 peratoris
304 1875 458 1935 iustiniani
471 1875 500 1933 in
514 1874 693 1933 unumluris
703 1877 816 1949 Corpus
826 1875 946 1934 suerunt
962 1877 1166 1949 congregatae,

144 1971 273 2040 suntque
285 1963 360 2036 eliae,
376 1981 443 2039 quae
457 1964 486 2022 in
510 1964 592 2022 nullo
611 1963 739 2038 probato
758 1963 836 2023 luris
858 1964 1008 2024 uolumine
1029 1978 1166 2037 compre-

143 2054 244 2114 hensae
263 2059 348 2112 extra
364 2056 477 2128 Corpus
491 2053 569 2111 luris
582 2058 737 2128 vagantur,
755 2069 881 2128 querum
900 2053 964 2112 aliae
983 2052 1166 2128 praecedunt,

145 2150 173 2202 et
185 2142 251 2202 aliae
263 2147 430 2216 sequuntur
444 2143 579 2217 ejusdem
592 2140 729 2216 corporis
739 2141 996 2217 compositionem.
1006 2146 1076 2212 Quae
1090 2157 1166 2216 pree-

145 2231 264 2303 cedunt,
280 2236 332 2290 lus
346 2230 581 2290 ecclesiasticum
593 2237 693 2303 uorum
709 2247 775 2306 quae
786 2231 892 2306 inipso
905 2231 1104 2301 continentur,
1116 2235 1168 2290 tus

145 2321 295 2393 modim,-
308 2329 344 2379 'et
358 2337 424 2395 quae
437 2319 536 2394 ipsum
548 2325 724 2395 sequuntur,
739 2324 791 2379 tus
805 2336 917 2380 uouurn
931 2322 1098 2380 efformant.

179 2415 205 2470 8.
224 2409 309 2468 circa
322 2414 374 2468 lus
387 2415 473 2468 vetus
489 2415 550 2468 tres
563 2408 713 2484 praecipue
729 2426 878 2469 canonum
898 2411 1089 2470 collectiones
1111 2424 1167 2466 nu-

147 2504 317 2558 merantur:
338 2495 520 2558 recollectio
543 2497 699 2557 Cooouerno
714 2497 958 2581 Apostolicorum,
983 2500 1021 2558 de
1040 2513 1168 2573 qnorum

148 2593 277 2659 auctore,
295 2603 429 2657 numero,
444 2591 473 2645 et
485 2586 660 2647 arroteritate
673 2586 744 2646 satis
756 2602 816 2646 non
832 2594 950 2646 constet
963 2591 1002 2660 (l)
1011 2606 1018 2660 3
1028 2592 1058 2644 ir
1074 2588 1166 2646 Colle·

148 2675 235 2734 ctioo
253 2675 394 2750 Dionysio
409 2673 521 2748 Eoique
541 2676 650 2734 saeeurlo
666 2675 804 2735 Ecclesiae
821 2683 908 2734 sexto
929 2677 1083 2749 adornata,
1099 2691 1166 2751 quae

149 2781 213 2824 cum
233 2762 272 2822 ab
285 2763 413 2822 Adriano
429 2768 453 2835 l,
476 2764 704 2840 carolomagno
719 2769 901 2824 Francorum
914 2764 984 2840 Regi
1005 2763 1112 2824 tradita
1125 2781 1169 2823 es-

149 2859 200 2925 set,
222 2853 373 2911 Adrtcnoc
396 2853 542 2928 appellata
560 2853 625 2925 fuit,
649 2869 849 2928 magnamque
872 2853 1075 2914 celebritatem
1097 2853 1169 2913 obti-

150 2942 208 3001 nuit
221 2945 273 3014 (ir
285 2947 313 3000 3³
328 2941 465 3000 collectio
479 2942 516 2999 ab
529 2940 644 3001 incerto
657 2943 787 3018 quodam
802 2943 915 3002 isidoro
926 2936 1092 3016 Mercatore,
1106 2942 1169 3002 sive

149 3031 295 3090 Pecootore
308 3029 417 3090 saeculo
433 3031 573 3090 Ecclesiae
591 3048 672 3090 nono
695 3033 843 3107 evulgata,
863 3051 929 3108 quae
954 3049 1023 3091 cum
1041 3034 1168 3109 plurima

149 3120 217 3178 ialse
232 3119 313 3179 veris
327 3119 533 3178 consarcinata
547 3119 722 3195 contineret,
741 3123 848 3182 merito
873 3129 1023 3198 tamquam
1041 3139 1169 3198 apocry-

149 3209 202 3285 pha
217 3209 254 3267 ab
269 3207 408 3268 omnibus
421 3211 533 3285 rejecta
546 3209 622 3282 fuit(
641 3215 663 3282 ).

176 3352 210 3416 (t)
229 3351 265 3402 Hi
287 3365 404 3403 oenones
428 3352 523 3404 inserti
542 3353 658 3417 primurn
681 3355 758 3407 fruere
786 3357 813 3408 in
834 3359 969 3421 postremo
993 3362 1079 3426 cupite
1105 3358 1169 3409 libri

148 3423 230 3475 octavi
245 3423 344 3489 operis,
360 3424 402 3473 cui
429 3425 533 3488 titurius,
558 3423 764 3480 &restitutiones
780 3429 940 3493 apostoliea.
957 3431 1024 3483 Tum
1039 3446 1167 3494 coroner,
1255 3479 1256 3482 ,

148 3498 201 3546 tum
210 3495 415 3546 constitutiones
429 3496 559 3548 Clementi
572 3498 692 3551 Romano
705 3501 828 3552 Pontifici
843 3502 876 3552 D.
895 3503 977 3554 Petro
991 3504 1113 3569 proximo
1128 3505 1168 3554 lu·
1255 3495 1256 3506 ²

148 3571 222 3620 eruut
236 3566 358 3628 tribulem
375 3567 423 3619 sed
446 3567 514 3621 luiso
534 3589 540 3620 ι
563 3584 628 3622 nem
648 3585 733 3638 penes
754 3572 874 3626 eruditos
897 3579 999 3628 certum
1012 3579 1062 3640 est,
1078 3589 1168 3641 neque
1255 3555 1256 3642 ss
