2566 4102
566 238 598 251 -
617 210 653 267 10
672 240 703 252 ..

123 333 151 384 et
163 331 223 384 idea
242 329 390 397 ramea,
413 331 478 400 grtia
491 333 581 386 omnia
598 333 737 401 praecipua
750 315 880 400 responsa
897 331 1016 398 capiunt,
1030 345 1048 385 a
1061 345 1151 399 greco

122 403 263 469 1555111115,
279 404 350 470 quad
364 417 442 457 amoto
455 409 481 457 et
494 405 571 470 oopio
583 409 670 458 sonat.
684 405 716 456 ln
729 405 803 458 hisee
818 404 924 470 legibus
943 405 1058 457 citandis
1072 407 1150 472 poni·

121 480 166 526 tur
179 476 267 541 primo
280 489 409 528 numerus
423 475 500 542 legis,
511 482 546 541 51,
562 478 585 528 51
595 477 680 539 adest,
695 477 776 528 etiaro
789 475 964 542 paragraphi,
978 476 1027 536 cui,
1036 474 1070 527 ad
1089 491 1149 530 ma·

117 547 206 610 iorem
220 547 393 599 securitatem
410 549 538 613 praemitti
557 552 645 613 potest
667 547 780 599 verbum
797 547 899 598 initiale
917 550 975 598 tum
996 547 1076 612 legis,
1092 551 1151 599 tum

120 619 294 684 paragraphi,
321 617 439 670 secundo
458 619 566 682 signum
590 619 697 683 digesti,
721 617 793 684 quod
813 621 855 668 est
877 620 919 669 est
937 618 1037 684 duplex
1059 619 1079 682 f,
1105 618 1151 670 vel

120 687 234 754 simplex
248 689 286 748 D;
299 690 376 740 tertio
390 688 500 741 rubrica
514 691 585 742 tituli
596 705 639 742 ex.
653 703 694 754 gr.
709 689 726 738 1.
743 689 783 751 30,
795 687 823 740 li.
837 690 850 754 ξ
864 689 889 740 a.
904 689 943 741 De
957 688 1047 740 donat.
1065 689 1119 742 vel.
1130 689 1150 740 l.

119 757 329 823 homotoniae,
344 761 366 824 1,
382 761 440 827 ejtu
449 759 523 812 madi
537 761 560 824 3,
575 760 604 812 li.
618 761 652 813 de
662 761 752 812 donat.
770 764 798 812 51
808 759 920 826 legitur:
931 759 991 825 lege
1001 759 1149 825 trigesima,

118 831 289 898 paragrapho
302 833 389 894 tertio,
405 832 523 898 Digestis
533 832 566 884 de
580 832 788 883 donationibus:
804 831 868 882 libri
881 845 936 882 non
950 832 1081 894 citantur,
1099 832 1149 884 sed

118 902 346 953 tantumruhricae
356 903 506 967 titulorum,
521 918 636 970 quarum
646 903 727 954 index
746 902 840 954 ordine
856 901 1027 969 alphabetico
1036 903 1149 968 Digesto

118 973 298 1037 praemittitur.
310 974 495 1025 institutiones
510 975 589 1026 editae
600 987 616 1025 a
628 973 781 1026 iustiniano
795 973 982 1044 eodemsanno,
993 987 1046 1039 qua
1065 973 1149 1040 Dige-

117 1046 200 1106 stnm,
211 1048 238 1096 et
252 1045 386 1112 imperiali
399 1047 557 1099 auctoritate
569 1047 682 1098 munitae
697 1046 836 1096 continent
848 1046 983 1111 epitomen
996 1045 1087 1109 legum
1100 1060 1148 1098 ra·

116 1115 1149 1183 manaruminquatuorlibrosvariosqueeorumtitulasdistrihutamedjuris

116 1185 251 1238 studiosas
268 1188 296 1237 111
310 1188 391 1253 legali
405 1188 550 1254 disciplina
564 1187 752 1239 instituendos.
768 1187 800 1238 ln
816 1187 891 1240 hisce
904 1187 1011 1252 legibus
1031 1187 1148 1240 citandis

116 1258 227 1322 ponitur
239 1259 327 1323 prima
343 1273 472 1311 numerus
487 1260 659 1326 paragraphi,
677 1258 722 1310 cui
739 1258 877 1310 interdum
896 1259 1072 1324 praemittitur
1085 1273 1146 1310 ver·

115 1329 182 1378 bum
196 1333 255 1394 ejus
270 1330 387 1391 initiale;
403 1331 521 1382 secundo
536 1331 672 1381 indicatur
684 1341 752 1394 opus
766 1329 982 1391 institutionum
996 1329 1076 1382 tertio
1094 1343 1145 1394 po·

115 1399 190 1450 nitur
203 1401 312 1452 rubrica
334 1401 414 1464 tituli,
440 1415 482 1453 ex.
500 1415 540 1468 gr.
556 1402 605 1466 2⁴·
620 1402 687 1452 11151.
704 1401 738 1452 de
753 1403 821 1465 just.
835 1405 862 1452 at
872 1402 928 1465 jur.
946 1400 989 1452 vel
1005 1395 1145 1464 1851111·

114 1469 183 1522 lust.
196 1471 230 1522 de
240 1473 307 1537 just.
324 1477 351 1524 et
359 1474 415 1538 jur.
431 1475 458 1524 et
470 1472 569 1537 legitur
580 1493 587 1522 :
600 1471 770 1538 paragrapho
784 1475 879 1537 quarto
893 1471 1097 1522 institutionum
1110 1472 1145 1524 de

112 1542 220 1606 justitia
237 1547 266 1592 et
285 1545 357 1608 jure.
378 1543 466 1594 Codex
482 1543 678 1606 iustinianeus,
700 1544 747 1608 qui
766 1546 877 1594 vocatur
900 1543 1018 1608 repetito
1038 1543 1145 1608 praele-

113 1611 218 1675 ctiortis,
233 1613 389 1678 publicatus
409 1627 480 1665 anuo
496 1615 551 1677 itt,
568 1615 687 1666 continet
703 1614 777 1678 leges
789 1615 948 1679 imperiales
970 1614 1146 1681 depromptas

115 1696 149 1734 ex
162 1683 399 1748 praeexistentibus
412 1685 560 1746 codicibus,
572 1681 743 1750 Grepotioao,
754 1683 967 1751 Hertaoportiono
980 1690 1007 1735 et
1025 1681 1142 1736 Theodo-

113 1753 200 1816 siana,
216 1757 242 1805 et
255 1755 322 1806 alias
336 1756 371 1806 ab
385 1755 442 1819 ipsa
460 1755 614 1807 «Iustiniana
638 1757 759 1808 conditas
771 1755 805 1808 ad
813 1755 1071 1821 jurisconsultorum
1087 1756 1145 1808 dis·

117 1825 224 1876 cardias
243 1825 455 1890 componendas,
479 1841 541 1892 quae
560 1828 587 1877 in
608 1827 718 1892 Digesto
742 1828 957 1879 inveniebantur.
977 1827 1146 1880 incitandis

113 1898 173 1962 ejus
191 1895 297 1961 legibus
311 1899 470 1948 observatur
493 1899 635 1963 praemissa
653 1900 756 1964 regula,
774 1904 800 1950 et
814 1899 923 1950 additur
938 1896 1000 1951 Coti.
1019 1899 1144 1950 15151111-

113 1967 221 2032 pliciter
240 1967 270 2018 G.
286 1981 326 2018 er.
347 1981 387 2032 gr.
403 1968 420 2018 1.
440 1969 480 2020 il.
505 1969 567 2020 dod.
591 1969 624 2020 de
641 1983 741 2022 sacras.
756 1970 829 2022 Eoel.
843 1970 894 2021 vel.
912 1964 1145 2023 18511511115521.

113 2038 178 2090 Cod.
192 2038 225 2089 de
239 2051 339 2090 sacras.
353 2040 425 2090 Eccl.
440 2046 467 2091 et
480 2041 579 2104 legitur
592 2061 599 2090 ι
612 2040 670 2105 lege
684 2041 816 2105 vigesima
831 2041 919 2106 prima
933 2040 1025 2092 cadica
1039 2041 1072 2092 de
1094 2041 1144 2092 Sa·

113 2109 260 2160 crosanotis
275 2110 406 2160 ecclesiis.
427 2111 544 2175 Legibus
558 2114 649 2162 tamen
667 2111 773 2164 Codicis
790 2125 871 2178 opera
894 2111 1000 2176 privata
1016 2111 1146 2176 adjuncta

113 2182 176 2232 sunt
198 2180 323 2244 quaedam
347 2180 458 2243 scholia,
482 2195 543 2246 quae
566 2183 739 2246 appellantur
758 2181 929 2244 authentica,
950 2196 1011 2248 quae
1037 2183 1145 2247 innunt,

114 2251 246 2316 quamodo
261 2263 309 2314 per
323 2252 370 2316 jus
380 2253 514 2314 posterius
529 2253 564 2302 sit
577 2251 663 2304 codici
681 2253 852 2317 derogatum,
879 2253 925 2304 sed
940 2252 983 2304 hae
1001 2253 1054 2302 vim
1074 2253 1144 2317 legis

112 2336 166 2373 nou
180 2322 281 2373 hahent
291 2341 298 2383 ;
310 2327 337 2374 et
351 2322 386 2372 ita
399 2322 552 2387 allegantur
565 2337 607 2374 ex.
621 2338 661 2388 gr.
676 2325 757 2376 Auth.
773 2323 955 2377 donationem.
967 2323 1032 2376 Cod.
1044 2323 1148 2388 dejur.

112 2393 166 2444 dot.
182 2393 303 2444 Navellae
324 2396 386 2444 sunt
407 2395 569 2461 posteriores
584 2394 648 2460 imp.
674 2395 821 2447 iustiniani
842 2395 1055 2458 constitutiones,
1079 2409 1144 2460 quae

112 2465 140 2515 in
155 2477 266 2528 corpore
277 2465 348 2529 juris
362 2465 448 2515 latent
457 2465 508 2515 sub
521 2465 571 2515 hac
581 2465 773 2530 inscriptione:
789 2465 962 2530 Autlteaticte,
976 2479 1021 2518 seu
1035 2465 1144 2518 11555115

112 2535 313 2588 constitutiones
330 2533 489 2598 iustiniani,
511 2535 589 2586 etita
605 2535 766 2601 allegantur,
786 2551 828 2588 ex.
849 2551 889 2602 gr.
916 2537 982 2589 Nor.
1003 2535 1056 2599 ill,
1072 2549 1096 2588 o.
1117 2537 1142 2594 1,

112 2606 186 2656 Libri
195 2607 347 2656 lleudorum
361 2607 498 2656 continent
512 2607 719 2658 consuetudines
733 2607 855 2660 feudales
865 2607 892 2659 in
903 2607 1047 2659 Germania
1055 2611 1141 2673 ortas,

111 2683 139 2728 et
152 2691 168 2728 a
180 2677 297 2728 Gerardo
312 2677 405 2749 Nigrp,
420 2691 451 2727 ac
467 2677 566 2730 Oberta
582 2677 616 2728 ab
631 2678 695 2730 Orto
715 2679 873 2730 consulibus
893 2678 1143 2730 Mediolanensibus

112 2749 140 2799 in
166 2749 273 2812 scriptis
297 2749 429 2811 redactas,
455 2761 523 2814 quas
543 2748 755 2813 jurisconsultus
777 2749 930 2815 Hugalinus
956 2749 1085 2800 Bononiae
1111 2749 1143 2801 111

111 2820 214 2884 Corpus
226 2819 297 2884 juris
308 2819 459 2870 transfudit.
479 2818 662 2872 observamus
676 2820 793 2883 demum,
806 2821 967 2872 amodernis
978 2820 1142 2885 quibusdam

111 2889 184 2954 leges
199 2904 323 2941 romanas
338 2890 389 2940 alio
399 2891 477 2941 modo
491 2890 577 2953 citari,
592 2905 687 2956 nempe
701 2905 750 2956 per
767 2905 909 2944 numerum
921 2892 1061 2954 librorum,
1075 2892 1140 2943 titu-

26 2943 49 2970 '‘
67 2961 71 2968 '
111 2961 207 3024 larunt,
222 2966 248 3012 et
263 2962 390 3026 capitum,
407 2961 478 3026 quod
494 2975 547 3012 nan
562 2975 704 3025 possumus
724 2963 849 3027 probare,
865 2964 928 3028 quia
953 2963 991 3014 ita
1007 2963 1142 3029 sapientia

111 3032 223 3082 Petrum
234 3031 457 3099 jurisprudentiae
469 3032 561 3096 juvari
578 3033 695 3097 amplius
707 3035 889 3100 nequiremus,
901 3035 947 3102 qui
957 3047 1049 3086 omnes
1059 3034 1141 3086 modo

110 3101 212 3154 anatis
227 3102 348 3155 indicato
356 3103 402 3170 jas
419 3115 560 3154 comatum
573 3102 732 3168 allegarunt.
