2566 4102
488 229 648 279 ...ιω-

94 339 280 400 srcamornrn
288 344 325 398 et
337 339 509 402 secerdotes
523 342 575 400 lll
586 345 613 398 et
625 351 701 414 sopp.
713 353 721 411 3
733 351 840 400 eorom
849 337 950 400 officia
962 341 1026 402 tlt.

92 427 288 490 sucturum
301 430 373 502 θοις
391 444 457 504 qaae
472 427 511 488 ed
528 427 628 502 ipsum
645 425 814 488 neccssaria
830 426 868 486 ia.
888 431 1079 490 sacramento

66 513 190 573 Ecclesiae
204 516 359 590 quomodo
382 517 552 578 miserante
571 513 770 576 sacramentis
792 515 922 592 aadquae
937 513 1012 592 legis
1027 515 1079 591 ib.3

65 601 201 676 quomodo
215 621 234 664 a
245 604 511 666 sacramentalibus
525 607 588 664 305.
601 609 723 680 septem
733 603 875 666 Eoolaaie
888 607 1079 666 sacramenta

64 693 119 762 3⁰63
134 705 240 752 eorum
256 691 392 767 materie,
408 700 438 754 et
459 693 555 754 forma
568 696 638 765 3073
660 708 728 768 quae
745 707 928 752 concurrere
950 691 1080 753 debeant

62 776 231 840 luministro
246 785 316 854 3083
332 781 461 843 ministri
480 780 655 856 improbitas
667 779 850 842 sacramenti
863 780 1004 842 ellectum
1016 796 1077 840 noa

63 864 172 942 impedit
186 867 236 940 its
248 885 411 946 numquam
426 869 495 930 licet
508 874 700 932 sacramenta
713 867 849 938 simurlete
863 867 1015 930 conficere
1026 868 1076 942 ib.3

64 959 91 1027 23
105 956 147 1016 vel
159 956 333 1018 ministrare
350 975 420 1018 eum
439 957 581 1034 opinione
597 956 743 1034 probabili
754 957 804 1031 ic,
819 961 853 1030 83
869 973 936 1034 quae
949 971 1079 1018 concur·

63 1058 121 1104 rere
133 1045 261 1104 debeant
273 1047 305 1105 in
319 1047 456 1122 subject)
469 1050 537 1107 309.

94 1135 324 1195 Srcnrnaurlua
338 1139 404 1196 305.

94 1224 187 1282 sucre
215 1223 467 1299 congregationes
496 1222 629 1287 efficiunt
657 1228 817 1297 sanatum,
849 1230 880 1284 et
905 1221 1079 1287 vicariatum

66 1313 141 1385 Papae
155 1315 224 1384 9173
241 1312 449 1388 apostolicam,
470 1315 501 1372 el
522 1310 703 1372 ordinariam
721 1311 833 1372 habent
850 1311 1078 1388 potestatemt'l

67 1399 208 1468 Quomodo
230 1417 325 1460 sacrae
343 1400 594 1478 congregationes
616 1407 834 1476 componantur
852 1400 902 1472 le.
917 1405 953 1474 l3
974 1416 1079 1462 eornm

69 1492 185 1560 potestas
206 1489 306 1559 durat,
319 1487 460 1550 defuncto
487 1493 577 1566 Papa,
603 1495 633 1550 el
659 1487 884 1550 confirmatione
911 1505 971 1550 non
992 1495 1080 1618 egem

68 1574 97 1636 it
101 1574 445 1652 urviceconpraaarto,
465 1578 682 1650 inclaruere.)

40 1715 45 1724 .
97 1667 282 1726 srmrnecmnr
297 1664 408 1740 quidet
425 1666 591 1741 quotuplex
603 1668 670 1726 264
689 1664 760 1739 Eius
773 1664 923 1740 poenaet'lr.

95 1757 210 1816 Sanusne
229 1757 299 1826 2593
314 1753 563 1829 eiusdivisioib.3
580 1754 757 1830 ejuspocuae
769 1753 808 1813 ib.
1091 1806 1096 1818 .

98 1846 265 1904 Sanmrurun
279 1843 318 1902 ad
331 1843 477 1904 beneficia
490 1843 606 1918 majora
623 1846 694 1916 4823
714 1841 823 1918 triplex
837 1841 876 1902 cd
889 1843 1010 1906 ordines
1030 1859 1079 1906 re·

72 1927 211 2006 cipiendos
227 1935 279 2004 933
294 1931 406 2008 duplex
417 1931 456 1991 ad
469 1931 560 1991 vitam
575 1932 816 2008 reputaremur,
828 1936 880 1992 li.

98 2023 327 2096 sacomanzarro
340 2019 548 2098 religiosorum
560 2024 628 2081 iil.

97 2111 178 2170 Sacra
192 2109 335 2169 damnata
344 2107 507 2170 liberorum
520 2114 707 2170 moratorum
718 2113 783 2170 till.

97 2201 247 2260 srurarrra
256 2201 312 2258 849
322 2213 330 2271 3
342 2198 507 2274 quotuplex
515 2197 567 2270 ln,
577 2201 609 2274 l3
624 2196 797 2258 differentiae
810 2196 888 2260 inter
900 2195 1081 2258 definitivam

71 2291 95 2345 el
103 2285 352 2348 interlocutoriam
366 2287 417 2361 in,
432 2291 468 2360 23
484 2288 561 2348 inter
575 2285 859 2361 condemnatoriam,
875 2293 905 2348 et
916 2287 1081 2348 declarato·

69 2373 132 2436 n'em
144 2380 197 2436 285
209 2391 218 2449 3
232 2375 412 2452 proferenda
422 2380 468 2434 est
481 2374 647 2436 secundum
660 2375 742 2450 leges
758 2379 828 2449 8503
844 2375 904 2436 lata
918 2381 1023 2436 contm
1036 2375 1080 2436 le*

70 2479 113 2537 ger
124 2465 203 2524 nulla
224 2469 271 2524 est
281 2463 336 2537 ia.;
357 2462 408 2538 qui
420 2479 485 2522 earn
500 2462 543 2523 sic
557 2464 671 2538 profert
691 2463 772 2524 litem
786 2479 871 2526 suam
883 2463 953 2526 fecit
970 2463 1025 2536 tb.;
1041 2479 1081 2524 on

70 2551 148 2626 judex
161 2568 230 2614 eam
250 2553 407 2628 proferena
421 2551 528 2612 debeat
548 2550 704 2612 decidendi
717 2550 829 2612 motiva
842 2567 997 2628 exponere
1010 2555 1079 2626 8313

72 2655 101 2698 aa
121 2649 207 2718 queat
230 2641 432 2704 condemnare
453 2639 641 2716 exallegatis
658 2656 758 2713 reum,
778 2647 865 2701 etex
885 2657 940 2702 sue
959 2640 1082 2702 scientia

70 2727 248 2792 innocentem
261 2731 313 2805 in,
323 2736 354 2802 l3
367 2728 543 2806 proferenda
557 2729 723 2806 secundum
736 2735 811 2801 octa,
827 2735 857 2788 et
871 2729 998 2804 probate
1010 2733 1078 2802 8523

71 2820 231 2893 regulariter
245 2819 335 2880 debet
348 2818 449 2878 libello
474 2817 654 2881 conformari
669 2817 720 2890 ln,
738 2822 769 2889 l3
788 2817 855 2878 fluis
870 2816 1082 2879 controversie

71 2923 202 2981 peream
226 2905 340 2984 imponi
358 2911 420 2966 853.
446 2906 569 2978 Quando
589 2905 686 2965 rictus
706 2904 812 2967 victori
832 2905 872 2966 sit
889 2905 921 2965 in
934 2921 1082 2980 expensas

71 2995 244 3057 damnandus
259 2996 309 3068 ili-3
324 2995 356 3056 in
367 2995 514 3070 jndioium
525 2994 648 3056 veniunr
662 2999 776 3054 mulum
791 3009 932 3070 expensae
941 3009 1080 3054 necessa·

71 3083 113 3143 riae
130 3085 178 3158 lu,
197 3089 234 3158 23
250 3085 316 3144 haec
327 3099 382 3160 per
400 3083 533 3160 jndicem
548 3088 618 3142 sunl
632 3083 769 3142 texandae
788 3083 824 3142 in
838 3100 846 3155 3
864 3081 989 3144 victoria
1003 3080 1034 3141 in
1049 3099 1082 3143 re

72 3173 143 3234 aren
154 3172 376 3234 restitutionem
389 3173 540 3234 lruoluum
561 3173 700 3237 seltema
721 3171 770 3232 die
783 3171 933 3246 petitionis
950 3171 988 3232 ll.
1004 3175 1083 3242 Quo·

72 3263 147 3322 nodo
160 3260 307 3324 sententia
316 3261 515 3333 ferenda8tl3
532 3275 627 3336 usque
641 3259 679 3320 ad
690 3260 878 3322 medietatem
887 3261 974 3335 huius
983 3259 1083 3320 eaeculi

71 3348 96 3408 ia
102 3351 211 3427 ligurio
220 3349 368 3412 sententia
378 3349 528 3411 definitivo
537 3348 687 3408 ferebatur
693 3364 831 3410 sermone
839 3347 969 3408 latinoin
977 3348 1082 3410 cedula

74 3438 157 3500 danda
170 3445 223 3500 857
236 3447 262 3499 at
278 3443 347 3510 8543
362 3435 595 3510 interlocutoria,
613 3444 643 3496 et
656 3437 862 3512 provisionalis
875 3437 1025 3498 ferebatur
1035 3438 1085 3498 he·

72 3524 154 3588 bando
166 3526 326 3590 terminum
337 3543 392 3603 pro
405 3532 519 3586 involo
531 3529 599 3597 8l83
612 3542 629 3584 e
642 3525 689 3586 die
700 3524 955 3602 pronunciationis
966 3525 1004 3586 ed
1015 3533 1083 3586 acta

75 3616 170 3681 redulae
182 3618 261 3680 iolra
274 3633 334 3678 xxx
347 3614 411 3677 dies
422 3619 485 3674 erat
503 3611 692 3696 publicanda,
704 3620 735 3676 et
745 3613 890 3679 terminus
897 3631 953 3697 pro
968 3619 1082 3680 torulo
