2468 4090
444 197 551 254 -167
573 223 605 236 *-

19 325 191 376 assertionem
205 319 291 386 aliqui
305 318 409 380 dieunt,
424 319 474 370 hoc
493 319 591 370 nullibi
607 318 634 368 in
646 319 710 383 jure
727 319 836 370 cautum
850 317 977 370 inveniri.
988 317 1043 370 Sed

20 395 180 458 reponimus,
204 393 307 456 injure
321 391 401 441 etiam
417 391 535 442 naturali
550 395 659 440 cautum
677 403 746 452 esse,
766 390 893 454 Episcopi
906 390 1044 442 Viearium

20 467 113 517 debere
123 477 185 514 esse
196 463 334 514 idoneum.
347 461 486 524 Quomodo
501 463 552 513 erit
566 461 689 522 idoneus,
701 461 723 510 si
730 461 802 524 juris
813 462 917 526 peritus
927 475 981 512 non
994 461 1044 512 siti

20 539 140 586 Attamen
160 548 217 585 non
239 541 280 585 est
293 533 417 584 absolute
431 547 536 595 verum,
552 531 650 582 nullibi
670 533 698 580 in
708 532 769 596 jure
789 531 902 596 reperiri
925 537 1043 596 cautum,

21 608 83 672 quod
94 607 214 656 vicarius
223 605 349 670 Episcopi
363 603 461 654 debeat
473 617 533 654 esse
544 603 615 668 juris
627 602 731 666 peritus
742 622 748 651 :
760 615 823 652 uam
838 603 991 655 Alexander
1002 603 1045 654 111

21 678 112 728 Abbati
125 677 281 728 cassinensi
298 676 421 727 scribens
432 675 469 726 eit
483 694 488 724 :
501 672 631 726 Ueterum
643 677 720 725 tuam
733 673 909 737 prudentiam
923 675 1045 726 uolumus

20 763 66 800 nara
76 751 172 810 latere,
182 746 253 812 qaod
266 759 320 798 noa
334 750 397 799 sunt
406 760 491 798 caure
501 745 674 798 matrimonii
685 743 835 796 tractanda
848 757 896 808 per
908 745 1045 810 quoslibet,

21 820 58 870 red
70 834 119 884 per
134 819 241 884 judices
256 816 391 878 discretos,
408 816 456 882 qai
467 820 628 884 potestatem
644 813 759 868 habeant
770 813 928 880 judicandi,
944 819 968 868 et
987 820 1045 869 alc·
1109 867 1113 878 ,

21 895 73 945 tuta
88 903 226 943 canonum
240 903 294 940 non
308 890 441 954 ignorent.
454 887 518 954 Cap.
535 889 546 938 l
560 887 593 938 de
604 900 731 950 consang.
740 894 766 936 et
781 885 851 936 affin.
864 885 1046 952 Ptaesumptio

21 971 103 1014 aulem
113 963 198 1027 hujus
212 962 331 1012 scientiae
346 964 399 1012 stat
410 960 513 1024 injuris
527 960 643 1022 doctore,
652 964 741 1009 elnon
756 959 782 1007 in
794 957 846 1008 alio
861 971 1040 1024 quocumque.

22 1035 131 1099 Insuper
143 1033 264 1084 vicarius
278 1032 442 1099 capitularis
462 1044 495 1082 ex
516 1031 693 1096 dispositione
712 1029 864 1080 Tridentini
883 1029 964 1081 debet
983 1043 1044 1082 esse

22 1106 119 1164 doctam
130 1118 215 1170 quare
225 1103 296 1154 idem
305 1102 451 1154 dicendum
462 1116 514 1153 non
526 1103 578 1153 erit
589 1102 623 1152 de
634 1101 740 1151 Vicerio
751 1100 888 1164 Generali,
897 1100 944 1166 qui
955 1100 1044 1153 simile

23 1178 82 1240 gerit
96 1175 223 1238 officium,
235 1179 261 1226 el
271 1174 354 1225 habet
364 1173 599 1240 jurisdictionem-i
614 1173 697 1223 Sacra
709 1185 772 1222 vero
787 1171 964 1236 congregatio
975 1171 1043 1236 epis.

24 1249 119 1312 ctReg.
133 1246 237 1313 pluries
247 1245 404 1307 declaravit,
416 1244 553 1296 Vicarinm
565 1243 724 1295 Generalem
736 1241 855 1309 episcopi
870 1255 929 1293 esse
944 1242 1044 1294 debere

23 1319 191 1379 lieentiatnm,
205 1317 247 1368 vel
260 1316 396 1368 doctorem
412 1317 438 1366 in
449 1319 512 1381 jure
525 1316 665 1378 canonico,
679 1328 730 1365 nac
740 1313 864 1366 sufficere
874 1313 898 1364 si
912 1314 948 1364 sit
957 1313 1044 1364 Theo·

24 1389 100 1454 lngus.
115 1390 239 1440 Ferraris
255 1388 331 1438 verb.
356 1385 476 1440 Vientina
492 1382 628 1438 Generalis
642 1391 692 1438 art.
710 1385 733 1449 l,
747 1395 778 1435 n·
791 1386 830 1436 38.
852 1385 957 1436 Vicario
972 1383 1044 1436 enim

25 1460 141 1512 Generoli
154 1473 210 1511 non
226 1458 371 1520 licentiato,
382 1472 470 1524 neque
484 1458 593 1509 doctore
609 1457 636 1506 in
650 1459 713 1522 jure
727 1456 866 1519 canonico,
883 1455 990 1507 dandus
1003 1458 1046 1507 est

24 1533 160 1594 consultor,
182 1529 227 1582 vel
242 1532 372 1582 Assessor
389 1530 415 1580 in
433 1529 532 1588 carreis,
554 1528 626 1593 quod
646 1526 786 1579 observari
803 1527 883 1577 debet
902 1540 918 1576 a
937 1525 1045 1588 vicario

25 1603 177 1668 Capitulari,
192 1603 215 1653 si
231 1601 324 1652 doctor
346 1601 471 1652 similiter
484 1614 539 1651 non
554 1601 598 1650 sit.
618 1599 684 1664 Cap.
701 1594 868 1664 Slalutumfl
885 1597 1045 1650 Assassmem

24 1673 51 1724 de
65 1674 188 1740 rescript.
208 1673 237 1722 in
250 1672 265 1722 6
279 1671 445 1724 Monacellus
460 1685 488 1736 p.
506 1671 530 1734 l,
549 1671 570 1720 i.
588 1670 650 1734 2,n.
667 1669 710 1720 il.
729 1696 756 1706 -
772 1668 808 1732 (3)
829 1670 860 1718 In
881 1682 957 1720 sacro
972 1668 1045 1720 enim

23 1745 119 1809 eloquio
130 1744 262 1808 scriptum
277 1747 336 1794 est:
352 1741 387 1795 In
401 1743 524 1807 antiquis
538 1746 574 1794 est
588 1740 770 1806 romanamet
785 1739 815 1791 in
826 1739 911 1793 multo
925 1743 1045 1805 tempore

23 1815 170 1879 sordentia.
184 1814 244 1866 lob.
257 1828 281 1865 c.
295 1813 332 1864 tt.
345 1841 370 1850 -
383 1813 419 1878 (4)
429 1813 523 1876 Quoad
535 1813 625 1863 oldaia
634 1812 736 1863 Vicarii
745 1811 808 1863 vid.
817 1811 1002 1876 Pellegrinum
1014 1811 1044 1862 in

23 1901 89 1949 prex.
103 1887 195 1937 Vicar.
209 1885 237 1935 iu
253 1898 325 1936 mon.
341 1898 402 1949 gan.
415 1912 442 1921 -
459 1884 493 1949 (5)
509 1884 569 1934 Bul.
580 1881 693 1936 Credita
707 1881 782 1934 nobis
801 1882 902 1934 Bened.
918 1883 998 1934 Xlll.
1010 1908 1041 1919 -

25 1957 53 2020 (il
63 1957 233 2022 pellegrinus
248 1956 266 2006 l.
283 1970 306 2008 c.
320 1971 348 2014 n.
366 1958 389 2019 9,
405 1958 432 2007 et
445 1955 590 2020 Fagnauus
604 1953 638 2005 ad
653 1959 734 2019 celaui
747 1953 788 2005 td
803 1953 857 2006 iaec
875 1955 907 2005 de
922 1953 1007 2019 praeb.
1018 1956 1045 2005 et

25 2029 114 2093 dignit.
132 2029 162 2080 Si
180 2027 252 2079 enim
267 2027 406 2079 Parochus
424 2027 506 2078 babet
519 2025 675 2091 parochiam
689 2030 765 2076 extra
778 2024 921 2088 civilatem,
935 2039 980 2077 res
993 2038 1043 2090 pa-

27 2106 56 2152 tet
68 2117 117 2169 per
129 2117 170 2165 se,
184 2103 248 2168 quia
259 2116 312 2155 non
327 2107 416 2169 potest
430 2103 510 2154 simul
530 2101 650 2152 residere
665 2100 693 2151 in
707 2115 756 2152 sua
769 2101 908 2165 parochio,
922 2107 949 2152 et
960 2115 1044 2168 penes

27 2172 185 2238 Episcopum
202 2173 230 2224 in
253 2174 336 2224 curia.
355 2173 383 2224 Si
398 2178 487 2224 autem
502 2173 630 2239 parocbia
644 2172 680 2224 sit
698 2171 802 2238 inipso
819 2173 937 2235 civitate,
956 2172 1045 2224 adhuc

26 2244 105 2296 obstat
121 2245 189 2296 ratio
208 2245 413 2311 occupationum
432 2245 611 2306 diversarum,
627 2250 655 2295 et
678 2243 761 2296 veluti
783 2242 1044 2310 incompatibilium;

25 2315 65 2366 sed
76 2317 167 2381 magis
182 2316 289 2367 obstant
306 2315 484 2368 resolutiones
498 2315 526 2366 S.
548 2314 770 2380 congregationis
787 2314 899 2366 concilii
912 2315 1045 2379 passima

25 2385 391 2440 marcomannorum
417 2401 450 2439 ex
471 2386 529 2439 solo
556 2387 639 2452 Papae
664 2386 776 2448 indulto,
790 2386 871 2438 certis
894 2386 1044 2438 observatis

24 2459 227 2520 conditionibus,
243 2459 380 2510 Parochus
396 2462 486 2524 potest
507 2470 568 2509 esse
582 2457 711 2524 Episcopi
726 2457 859 2509 vicarius.
873 2457 900 2510 S.
916 2457 998 2523 Gong.
1016 2456 1044 2508 te

23 2530 140 2582 novemb·
170 2530 239 2582 1835.
261 2530 342 2581 Anal.
358 2529 417 2582 dur.
438 2530 518 2580 Pani.
538 2529 573 2580 ad
595 2543 639 2581 an.
663 2529 731 2592 1857,
753 2542 815 2594 pag.
830 2529 903 2580 2895.
916 2556 948 2566 -
966 2529 1003 2593 (7)
1015 2527 1042 2580 S.

25 2599 99 2666 (long.
113 2600 188 2666 Epis.
204 2603 232 2653 ei
248 2601 314 2666 Reg.
336 2601 366 2652 te
385 2600 441 2652 Jul.
461 2600 612 2652 liiii.1deo
634 2600 738 2651 adhoc
758 2600 906 2664 gerendum
926 2600 1045 2652 officium

24 2671 223 2724 Paenitentiario
237 2673 392 2724 necessaria
408 2676 449 2724 est
464 2673 489 2723 S.
507 2671 585 2722 Sedis
606 2671 726 2734 licentia,
742 2685 803 2737 quea
820 2671 879 2722 dari
896 2685 950 2724 non
965 2671 1043 2734 solet,

23 2743 68 2794 nisi
82 2744 118 2795 ad
131 2747 239 2811 tempus
252 2744 407 2806 limitatum,
419 2747 446 2794 et
459 2757 519 2794 cum
535 2756 616 2794 onere
627 2741 652 2794 ei
666 2741 814 2807 deputandi
829 2743 1004 2794 substitutum
1014 2743 1043 2794 in

24 2814 101 2866 allicio
115 2815 318 2880 poenitentiarii.
334 2815 360 2866 S.
378 2814 597 2880 Gong.231lpril.
611 2814 680 2864 tell.
693 2813 772 2864 Anal.
788 2814 806 2864 l.
819 2828 845 2865 c.
857 2841 887 2854 -
901 2815 938 2879 (8)
950 2815 1038 2866 Clam.

24 2881 98 2938 licini
116 2888 129 2952 ι
150 2885 267 2938 Proinde
286 2886 320 2939 de
341 2887 418 2938 verb.
433 2885 523 2951 signif.
542 2890 570 2937 et
591 2886 628 2936 ib.
643 2885 730 2936 Gloss.
750 2886 846 2950 Neque
865 2881 981 2949 videtur,
996 2898 1043 2938 eos

24 2970 96 3020 posse
110 2957 222 3008 idoneos
239 2957 352 3010 reddere
368 2957 504 3009 licentiam
521 2956 677 3022 superioris,
692 2956 756 3022 quia
770 2957 893 3009 Clemens
906 2957 940 3019 V,
955 2957 1041 3008 omni-

24 3026 68 3081 bus
81 3029 209 3080 Praelatis
222 3029 343 3080 districte
360 3029 488 3094 injungit,
503 3043 537 3080 ne
558 3031 684 3080 omittant
697 3027 843 3080 monachos
862 3027 995 3093 corrigere
1016 3030 1044 3079 et

24 3111 197 3168 compescere,
213 3105 346 3166 quatenus
369 3100 404 3151 ad
423 3100 512 3152 curias
531 3115 585 3151 non
608 3099 744 3150 accedant.
761 3100 843 3151 (ilem.
855 3097 895 3152 Ne
907 3099 939 3151 in
952 3099 1044 3164 apro}

25 3168 86 3234 Quia
95 3185 168 3234 uero,
183 3177 210 3222 et
219 3172 257 3222 ib.
268 3171 366 3233 Glosa.;
378 3185 463 3236 eaque
472 3170 551 3221 datur
564 3172 642 3232 ratio,
654 3171 717 3236 quia
731 3170 878 3222 monachus
888 3171 999 3222 curialis
1009 3170 1043 3221 ad

24 3243 100 3293 ιοιιιιι
120 3243 261 3308 religionis
282 3255 401 3294 massam
423 3241 647 3306 corrumpendam
669 3241 813 3293 concurrit.
833 3241 876 3292 Ad
901 3240 952 3293 hoo
974 3255 1043 3292 con-

25 3311 179 3366 firmandum
198 3313 290 3378 plures
309 3313 389 3364 editae
408 3315 471 3364 sunt
492 3326 577 3364 sacrae
598 3312 820 3378 congregationis
833 3311 922 3378 Episc.
936 3315 964 3364 ei
976 3312 1043 3378 Reg.

26 3381 178 3448 decisiones,
198 3399 267 3449 quas
288 3385 371 3448 refert
392 3384 515 3436 Ferraris
538 3383 614 3434 verb.
640 3383 761 3436 licerius
787 3379 922 3435 Generalis
945 3387 994 3436 erl:
1020 3383 1044 3448 l,

25 3466 48 3504 n.
62 3457 89 3508 tt
113 3460 142 3509 et
154 3456 237 3508 Petra
250 3455 284 3508 ad
298 3462 383 3508 const.
398 3457 422 3508 6.
438 3454 562 3520 Gregorii
575 3455 625 3518 XI,
641 3469 667 3506 n.
685 3455 722 3505 ta.
737 3454 766 3505 in
781 3457 845 3506 tom.
863 3455 887 3518 l,
901 3455 949 3505 ubi
967 3454 1044 3506 docet

26 3530 133 3592 praxim,
149 3533 176 3579 et
187 3528 330 3580 Sacrorum
344 3528 588 3592 congregationum
604 3540 711 3578 sensum
726 3525 879 3590 improbare
893 3526 1043 3592 deputatio·

26 3610 80 3652 uem
93 3600 270 3665 Regularium
284 3600 313 3652 in
329 3593 451 3654 Vicarios
472 3597 629 3663 (teneritas,
646 3597 701 3650 nisi
721 3597 750 3649 in
764 3597 975 3663 particularibus
988 3598 1042 3652 cir-
