2546 4082
147 399 150 408 ,
187 347 278 418 tam,
292 345 362 422 tillia
382 345 432 406 nbi
448 361 509 406 non
524 351 570 408 est
585 345 684 420 dolus,
698 345 737 406 ibi
759 361 821 406 non
837 349 885 406 est
905 344 1048 408 debntnm
1058 341 1200 422 premit

187 451 281 512 gnum
296 439 347 508 (t).
369 433 481 498 Dicitur
503 434 556 496 aab
577 452 675 510 puero,
699 433 780 511 quod
792 433 964 510 intelligitur
980 433 1019 494 de
1031 451 1118 510 poena
1132 439 1199 494 uu-

187 523 292 602 porati,
307 540 374 600 qum
388 523 519 587 nascitur
533 541 573 584 ex
585 523 706 598 delicto,
719 540 780 584 non
797 523 835 584 de
856 525 953 600 culpa,
969 525 1087 600 qualem
1102 555 1103 558 ¹
1153 537 1197 585 um

187 613 276 674 trahit
289 619 456 688 peccatum.
1104 539 1184 774 ξω

221 709 244 764 Δ
258 702 382 764 Romani
391 702 466 778 juris
479 701 692 779 Interpretihus
705 701 847 764 delictum
857 700 996 762 dividitur
1006 701 1037 760 in
1041 701 1127 778 piton
1186 746 1192 774 ,

186 797 217 852 et
236 791 395 868 publicam.
419 791 567 852 Privatum
584 791 700 863 dicitur,
718 791 806 851 unius
820 791 980 864 accusatio,
995 799 1027 850 et
1040 789 1193 866 persecutio

184 879 263 940 taesae
274 886 388 940 tentum
401 879 478 956 parti
492 879 665 940 conceditur
679 883 731 953 (i),
746 879 898 955 publicum
910 896 994 951 vero,
1015 879 1099 953 quus
1112 894 1192 938 eccu-

181 968 267 1044 satic,
278 975 308 1028 et
321 967 489 1045 persecutio
502 969 679 1028 conceditur
693 967 831 1028 omnibus
846 967 961 1027 civibus
975 972 985 1038 (
1006 974 1028 1041 ).

215 1065 238 1120 Δ
260 1055 453 1133 Pragmaticis
472 1055 653 1118 clerimrum
674 1056 814 1118 delictum
836 1055 976 1117 dividitur
995 1057 1027 1115 in
1040 1069 1189 1125 mmmdcc,

179 1147 261 1224 quod
274 1164 292 1206 e
305 1147 371 1206 solo
379 1146 478 1222 judice
489 1145 692 1206 ecclesiastico
703 1145 836 1222 punitur,
847 1151 876 1206 et
886 1143 1189 1222 prtoitcpiotem,quod

178 1253 216 1297 ex
239 1233 410 1312 privilegio,
434 1235 497 1294 sire
519 1235 713 1296 concessione
734 1234 843 1294 summi
868 1234 1038 1310 PontificiS,
1064 1233 1187 1310 ejudice

178 1341 299 1402 quoque
312 1323 389 1384 cirili
403 1322 501 1399 puniri
514 1330 625 1399 potest.
898 1379 902 1388 ,
1064 1357 1068 1368 ·
1165 1357 1169 1364 -

214 1413 345 1489 lienique
358 1430 376 1472 a
388 1412 527 1472 canonici
542 1412 619 1472 turis
632 1411 848 1488 interpretibus
863 1411 1006 1472 delictum
1019 1410 1149 1472 dividitur
1159 1411 1186 1468 in

176 1517 257 1561 merc
278 1501 513 1576 aridissimum,
534 1502 615 1579 quod
634 1501 827 1562 committitur
842 1507 947 1560 contre
961 1501 1149 1577 Religionem,
1160 1499 1186 1556 in

175 1607 256 1650 atero
284 1589 375 1663 dode,
405 1591 487 1668 quod
514 1590 707 1652 committitur
728 1596 836 1650 contra
860 1589 1101 1665 ilempublicem3
1124 1587 1185 1648 etin

175 1680 316 1752 nimium,
346 1680 426 1756 quod
453 1679 540 1740 simul
565 1685 670 1740 contra
699 1679 890 1754 Religionem,
918 1685 948 1738 et
975 1679 1183 1755 Rempublicam

173 1768 375 1830 committitur.
390 1773 424 1828 ln
438 1769 496 1828 hoc
510 1769 594 1829 titulo
609 1769 647 1828 de
661 1768 776 1828 delictis
790 1775 908 1828 tentum
922 1785 1005 1828 mere
1019 1765 1182 1828 ecclesiasti·

173 1857 218 1918 cis
228 1856 353 1933 agimus,
367 1863 398 1918 et
411 1857 489 1917 inter
501 1858 567 1917 haec
583 1856 730 1932 haeresim,
747 1855 884 1929 schisma,
902 1856 1089 1932 apostasiam,
1107 1856 1182 1914 simo·

172 1945 262 2019 niam,
277 1945 499 2022 blasphemiam,
511 1947 745 2021 sacrilegium4et
759 1945 945 2021 sortilegium
957 1946 1180 2017 adnumeremus,

171 2034 240 2095 ticet
260 2034 364 2094 ultime
386 2043 496 2112 queant
520 2035 596 2096 inter
618 2034 711 2095 mixta
724 2035 832 2096 delicta
845 2034 933 2096 etism
944 2033 1140 2107 adnumerari,
1155 2037 1181 2092 ut

171 2123 368 2184 communiter
381 2142 399 2185 a
412 2125 589 2186 Ductoribus
603 2125 646 2185 flt.

1245 2231 1246 2258 l

201 2278 237 2344 (l)
250 2277 408 2332 Menochius
431 2293 504 2332 cons.
519 2281 558 2331 28.
574 2294 602 2333 n.
619 2279 656 2344 ts,
671 2280 794 2332 Berbose
813 2283 912 2346 repert.
929 2281 1006 2333 verb.
1025 2277 1176 2346 dorm-tlt
1244 2297 1245 2329 t

169 2349 234 2402 'l'ale
248 2350 396 2402 secundum
410 2350 460 2402 hoc
471 2353 518 2416 jus
532 2355 604 2403 esset
625 2351 726 2404 crimen
741 2352 868 2410 incestus,
890 2354 987 2418 stupri,
1002 2351 1174 2407 fornicatiouis,

168 2421 304 2479 adulterii,
319 2422 383 2486 quie
395 2435 428 2473 ex
443 2423 678 2474 constitutionibus
691 2423 841 2488 AEgidlanis
856 2423 952 2474 horum
963 2424 1102 2476 criminum
1111 2435 1175 2473 eccu-

168 2493 237 2544 satio
252 2493 377 2554 competit
389 2495 494 2544 tontum
508 2495 667 2558 parentibus
680 2495 722 2546 vel
736 2495 942 2559 consanguineis
962 2495 1034 2546 intre
1048 2493 1174 2546 secundum

168 2563 292 2632 predum.
307 2563 357 2614 Hae
370 2564 478 2629 quidem
492 2566 705 2629 constitutiones,
720 2578 780 2630 quae
789 2565 1002 2617 observanturin
1015 2564 1174 2618 tribunalibus

163 2633 364 2698 ecclesiasticis,
372 2638 398 2686 et
406 2649 422 2685 a
429 2636 455 2686 S.
464 2636 675 2701 congregatione
684 2638 833 2702 probentur
844 2641 973 2701 statuunt,
982 2638 1054 2703 quod
1063 2633 1172 2689 incrimi-

165 2704 370 2762 nibustnccstus.
381 2705 518 2764 adulterii,
528 2709 626 2773 stupri,
634 2707 832 2772 fornicationis,
840 2707 930 2760 nudus
941 2704 1173 2771 emendavitne

165 2774 310 2840 tendendo,
319 2776 450 2840 privatim
460 2777 500 2830 vet
513 2777 613 2842 publice
623 2779 796 2841 admittatur,
813 2778 868 2832 nist
877 2783 941 2832 esset
953 2783 1041 2845 pater,
1054 2782 1140 2838 meleu
1151 2789 1173 2828 o·

162 2845 346 2908 oucoetooiu,
360 2847 569 2914 ptttmtnapotu
580 2851 807 2916 utrimquesecus
817 2863 898 2916 usque
915 2850 952 2902 od
967 2849 1110 2903 secundum
1121 2860 1171 2914 pre-

163 2914 237 2974 dum,
249 2916 358 2982 fratres,
367 2921 392 2971 et
401 2931 512 2980 sorores,
523 2923 547 2972 ct
560 2919 612 2987 titii
623 2921 754 2986 fratrum,
765 2924 790 2974 ct
800 2933 923 2974 sororum
931 2921 994 2988 ‚uui
1002 2916 1171 2987 prenominati

162 2987 249 3039 sotum
265 2987 303 3040 ud
313 2990 472 3055 pradictum
488 2993 756 3051 deucalionemne
778 2991 952 3056 dotationem,
969 2994 1034 3060 quta
1048 2990 1169 3052 demand

161 3058 265 3124 asnede
278 3060 320 3112 sui
333 3059 527 3126 quodammodo
541 3067 739 3130 prosequuntur
751 3063 887 3128 inperium
902 3065 1094 3119 admittentur.
1106 3059 1167 3114 Anat.

158 3131 214 3194 jur.
228 3133 302 3194 pont.
317 3145 368 3182 ser.
383 3133 407 3190 8,
422 3145 484 3197 pag.
497 3133 551 3184 tit.
574 3133 627 3186 Sed
641 3133 719 3186 aliter
734 3135 761 3186 in
778 3135 837 3198 ture
850 3136 1032 3188 Romanorum
1042 3133 1166 3188 obtinebat.

162 3205 193 3250 ut
205 3214 266 3251 mor
278 3201 435 3254 videbimus.
451 3231 481 3240 -
495 3204 529 3268 (3)
544 3205 717 3256 Publicorum
734 3205 893 3257 delictorum
905 3208 1009 3270 species
1030 3215 1165 3258 enumeran-

162 3274 207 3322 tur
224 3272 251 3322 in
264 3271 322 3336 lege
338 3275 360 3332 l,
370 3272 398 3324 ff.
413 3274 447 3326 de
460 3275 535 3340 publ.
547 3275 605 3340 jud.
622 3279 649 3327 et
663 3277 690 3326 in
703 3277 720 3329 1.
736 3277 760 3340 i,
775 3277 832 3329 cod.
850 3277 884 3329 ds
903 3278 996 3331 haeret.
1012 3279 1045 3332 In
1061 3279 1123 3330 dicta
1135 3275 1164 3324 le·

160 3353 193 3405 ge
208 3343 231 3400 l,
246 3343 317 3394 inter
330 3345 430 3396 delicta
446 3345 556 3410 publice
568 3348 806 3412 comprehenditur
825 3349 869 3400 lex
882 3350 956 3402 iulia
972 3349 1120 3418 maiestatis.
1132 3347 1163 3396 lex

159 3409 233 3464 iulis
247 3413 281 3464 da
295 3412 447 3480 adulteriis,
463 3416 506 3466 lex
529 3417 652 3468 Cornelia
666 3418 700 3470 de
718 3420 833 3479 sicariis,
848 3423 875 3472 et
890 3422 1036 3486 veneficiis,
1049 3421 1089 3472 lex
1102 3421 1160 3470 Pon·

159 3483 221 3548 peis
234 3483 267 3534 de
282 3485 444 3548 parricidiis,
460 3486 503 3538 lex
514 3485 588 3538 iulia
602 3489 760 3554 peculatus,
772 3490 814 3541 lex
829 3491 953 3544 Cornelio
966 3493 1000 3544 de
1020 3487 1160 3545 testamentis

159 3555 187 3604 et
210 3553 238 3604 in
258 3553 330 3605 dicta
347 3556 407 3618 lege
430 3556 453 3616 t.
471 3557 539 3621 Imp.
563 3559 731 3612 Theodosius
750 3562 891 3628 publicum
903 3563 1033 3618 delictum
1055 3559 1159 3618 nonno

158 3623 232 3694 qnod
254 3626 348 3676 contre
360 3625 528 3698 Religionem
541 3630 725 3690 committitur.
