<?xml version="1.0" encoding="UTF-8"?>
<!DOCTYPE html PUBLIC "-//W3C//DTD XHTML 1.0 Transitional//EN"
    "http://www.w3.org/TR/xhtml1/DTD/xhtml1-transitional.dtd">
<html xmlns="http://www.w3.org/1999/xhtml" xml:lang="en" lang="en">
 <head>
  <title>
</title>
<meta http-equiv="Content-Type" content="text/html;charset=utf-8" />
  <meta name='ocr-system' content='tesseract 3.04.00' />
  <meta name='ocr-capabilities' content='ocr_page ocr_carea ocr_par ocr_line ocrx_word'/>
</head>
<body>
  <div class='ocr_page' id='page_1' title='image "./summainstitutio00ferrgoog_0314.png"; bbox 0 0 2546 4082; ppageno 0'>
   <div class='ocr_carea' id='block_1_1' title="bbox 491 191 649 249">
    <p class='ocr_par' dir='ltr' id='par_1_1' title="bbox 491 191 649 249">
     <span class='ocr_line' id='line_1_1' title="bbox 491 191 649 249; baseline 0.013 -17"><span class='ocrx_word' id='word_1_1' title='bbox 491 191 649 249; x_wconf 60' lang='lat'>..249-</span> 
     </span>
    </p>
   </div>
   <div class='ocr_carea' id='block_1_2' title="bbox 37 313 1091 1096">
    <p class='ocr_par' dir='ltr' id='par_1_2' title="bbox 37 313 1091 1096">
     <span class='ocr_line' id='line_1_2' title="bbox 40 313 1090 385; baseline 0.003 -17"><span class='ocrx_word' id='word_1_2' title='bbox 40 315 137 385; x_wconf 79' lang='lat' dir='ltr'><strong>tuale</strong></span> <span class='ocrx_word' id='word_1_3' title='bbox 147 315 287 380; x_wconf 73' lang='lat' dir='ltr'><strong>Ecclesia,</strong></span> <span class='ocrx_word' id='word_1_4' title='bbox 301 315 374 368; x_wconf 88' lang='lat' dir='ltr'><strong>circa</strong></span> <span class='ocrx_word' id='word_1_5' title='bbox 386 314 648 368; x_wconf 78' lang='lat' dir='ltr'><strong>administrationem</strong></span> <span class='ocrx_word' id='word_1_6' title='bbox 659 313 906 376; x_wconf 80' lang='lat' dir='ltr'><strong>sacramentorum,</strong></span> <span class='ocrx_word' id='word_1_7' title='bbox 922 316 1090 385; x_wconf 90' lang='lat' dir='ltr'><strong>aliorumque</strong></span> 
     </span>
     <span class='ocr_line' id='line_1_3' title="bbox 37 386 1089 454; baseline 0.003 -15"><span class='ocrx_word' id='word_1_8' title='bbox 37 389 163 454; x_wconf 84' lang='lat' dir='ltr'><strong>jurium</strong></span> <span class='ocrx_word' id='word_1_9' title='bbox 176 387 383 454; x_wconf 79' lang='lat' dir='ltr'><strong>parochialium,</strong></span> <span class='ocrx_word' id='word_1_10' title='bbox 402 387 475 440; x_wconf 89' lang='lat' dir='ltr'><strong>circo</strong></span> <span class='ocrx_word' id='word_1_11' title='bbox 494 387 685 451; x_wconf 79' lang='lat' dir='ltr'><strong>visitationem,</strong></span> <span class='ocrx_word' id='word_1_12' title='bbox 706 386 785 438; x_wconf 92' lang='lat' dir='ltr'><strong>modo</strong></span> <span class='ocrx_word' id='word_1_13' title='bbox 804 388 855 438; x_wconf 90' lang='lat' dir='ltr'><strong>sub</strong></span> <span class='ocrx_word' id='word_1_14' title='bbox 869 389 1024 440; x_wconf 90' lang='lat' dir='ltr'><strong>immediata</strong></span> <span class='ocrx_word' id='word_1_15' title='bbox 1037 390 1089 442; x_wconf 83' lang='lat' dir='ltr'><strong>lie·</strong></span> 
     </span>
     <span class='ocr_line' id='line_1_4' title="bbox 41 458 1089 526; baseline 0.002 -16"><span class='ocrx_word' id='word_1_16' title='bbox 41 474 126 524; x_wconf 80' lang='lat' dir='ltr'><strong>gum</strong></span> <span class='ocrx_word' id='word_1_17' title='bbox 139 460 306 525; x_wconf 87' lang='lat' dir='ltr'><strong>protectione</strong></span> <span class='ocrx_word' id='word_1_18' title='bbox 321 473 375 510; x_wconf 92' lang='lat' dir='ltr'><strong>non</strong></span> <span class='ocrx_word' id='word_1_19' title='bbox 390 459 456 521; x_wconf 88' lang='lat' dir='ltr'><strong>sint;</strong></span> <span class='ocrx_word' id='word_1_20' title='bbox 472 459 535 509; x_wconf 88' lang='lat' dir='ltr'><strong>item</strong></span> <span class='ocrx_word' id='word_1_21' title='bbox 546 458 619 510; x_wconf 86' lang='lat' dir='ltr'><strong>circa</strong></span> <span class='ocrx_word' id='word_1_22' title='bbox 633 471 738 509; x_wconf 88' lang='lat' dir='ltr'><strong>morum</strong></span> <span class='ocrx_word' id='word_1_23' title='bbox 751 459 953 523; x_wconf 88' lang='lat' dir='ltr'><strong>correctionem,</strong></span> <span class='ocrx_word' id='word_1_24' title='bbox 966 463 994 511; x_wconf 86' lang='lat' dir='ltr'><strong>ei</strong></span> <span class='ocrx_word' id='word_1_25' title='bbox 1007 474 1089 526; x_wconf 86' lang='lat' dir='ltr'><strong>regu-</strong></span> 
     </span>
     <span class='ocr_line' id='line_1_5' title="bbox 42 528 1088 597; baseline 0.003 -18"><span class='ocrx_word' id='word_1_26' title='bbox 42 529 101 582; x_wconf 83' lang='lat' dir='ltr'><strong>las</strong></span> <span class='ocrx_word' id='word_1_27' title='bbox 115 545 220 582; x_wconf 89' lang='lat' dir='ltr'><strong>meram</strong></span> <span class='ocrx_word' id='word_1_28' title='bbox 232 531 452 596; x_wconf 83' lang='lat' dir='ltr'><strong>spiritualitatem</strong></span> <span class='ocrx_word' id='word_1_29' title='bbox 466 532 676 580; x_wconf 81' lang='lat' dir='ltr'><strong>concernentes:</strong></span> <span class='ocrx_word' id='word_1_30' title='bbox 690 528 762 580; x_wconf 88' lang='lat' dir='ltr'><strong>unde</strong></span> <span class='ocrx_word' id='word_1_31' title='bbox 777 535 910 593; x_wconf 88' lang='lat' dir='ltr'><strong>quotenus</strong></span> <span class='ocrx_word' id='word_1_32' title='bbox 924 532 953 580; x_wconf 94' lang='lat' dir='ltr'><strong>in</strong></span> <span class='ocrx_word' id='word_1_33' title='bbox 967 531 1011 582; x_wconf 91' lang='lat' dir='ltr'><strong>his</strong></span> <span class='ocrx_word' id='word_1_34' title='bbox 1025 545 1088 597; x_wconf 87' lang='lat' dir='ltr'><strong>gra-</strong></span> 
     </span>
     <span class='ocr_line' id='line_1_6' title="bbox 43 601 1091 667; baseline 0.004 -16"><span class='ocrx_word' id='word_1_35' title='bbox 43 602 130 652; x_wconf 84' lang='lat' dir='ltr'><strong>viter</strong></span> <span class='ocrx_word' id='word_1_36' title='bbox 143 603 314 667; x_wconf 89' lang='lat' dir='ltr'><strong>delinquant,</strong></span> <span class='ocrx_word' id='word_1_37' title='bbox 334 601 433 666; x_wconf 89' lang='lat' dir='ltr'><strong>poterit</strong></span> <span class='ocrx_word' id='word_1_38' title='bbox 454 601 594 666; x_wconf 89' lang='lat' dir='ltr'><strong>episcopus</strong></span> <span class='ocrx_word' id='word_1_39' title='bbox 617 601 645 650; x_wconf 91' lang='lat' dir='ltr'><strong>in</strong></span> <span class='ocrx_word' id='word_1_40' title='bbox 664 613 696 652; x_wconf 91' lang='lat' dir='ltr'><strong>ea</strong></span> <span class='ocrx_word' id='word_1_41' title='bbox 714 601 803 663; x_wconf 86' lang='lat' dir='ltr'><strong>poenis</strong></span> <span class='ocrx_word' id='word_1_42' title='bbox 823 602 1048 662; x_wconf 85' lang='lat' dir='ltr'><strong>animadvertere,</strong></span> <span class='ocrx_word' id='word_1_43' title='bbox 1063 605 1091 655; x_wconf 85' lang='lat' dir='ltr'><strong>et</strong></span> 
     </span>
     <span class='ocr_line' id='line_1_7' title="bbox 43 671 1088 740; baseline 0.003 -17"><span class='ocrx_word' id='word_1_44' title='bbox 43 673 200 736; x_wconf 80' lang='lat' dir='ltr'><strong>damnare,</strong></span> <span class='ocrx_word' id='word_1_45' title='bbox 215 677 243 724; x_wconf 89' lang='lat' dir='ltr'><strong>et</strong></span> <span class='ocrx_word' id='word_1_46' title='bbox 256 673 426 740; x_wconf 87' lang='lat' dir='ltr'><strong>supprimere</strong></span> <span class='ocrx_word' id='word_1_47' title='bbox 444 675 524 738; x_wconf 86' lang='lat' dir='ltr'><strong>juxta</strong></span> <span class='ocrx_word' id='word_1_48' title='bbox 538 672 632 737; x_wconf 89' lang='lat' dir='ltr'><strong>plures</strong></span> <span class='ocrx_word' id='word_1_49' title='bbox 647 671 674 721; x_wconf 88' lang='lat' dir='ltr'><strong>S.</strong></span> <span class='ocrx_word' id='word_1_50' title='bbox 689 671 911 736; x_wconf 84' lang='lat' dir='ltr'><strong>Congregotionis</strong></span> <span class='ocrx_word' id='word_1_51' title='bbox 928 673 1088 736; x_wconf 84' lang='lat' dir='ltr'><strong>decisiones,</strong></span> 
     </span>
     <span class='ocr_line' id='line_1_8' title="bbox 45 742 1088 810; baseline 0.003 -16"><span class='ocrx_word' id='word_1_52' title='bbox 45 757 128 810; x_wconf 88' lang='lat' dir='ltr'><strong>quas</strong></span> <span class='ocrx_word' id='word_1_53' title='bbox 144 743 225 796; x_wconf 80' lang='lat' dir='ltr'><strong>affert</strong></span> <span class='ocrx_word' id='word_1_54' title='bbox 240 745 280 795; x_wconf 89' lang='lat' dir='ltr'><strong>De</strong></span> <span class='ocrx_word' id='word_1_55' title='bbox 294 743 367 794; x_wconf 90' lang='lat' dir='ltr'><strong>Luca</strong></span> <span class='ocrx_word' id='word_1_56' title='bbox 385 743 418 794; x_wconf 91' lang='lat' dir='ltr'><strong>de</strong></span> <span class='ocrx_word' id='word_1_57' title='bbox 429 743 529 810; x_wconf 78' lang='lat' dir='ltr'><strong>Jurisd.</strong></span> <span class='ocrx_word' id='word_1_58' title='bbox 548 742 616 792; x_wconf 87' lang='lat' dir='ltr'><strong>disc.</strong></span> <span class='ocrx_word' id='word_1_59' title='bbox 637 742 677 801; x_wconf 79' lang='lat'><strong>45,</strong></span> <span class='ocrx_word' id='word_1_60' title='bbox 699 756 726 793; x_wconf 91' lang='lat' dir='ltr'><strong>n.</strong></span> <span class='ocrx_word' id='word_1_61' title='bbox 742 742 766 793; x_wconf 90' lang='lat'><strong>9.</strong></span> <span class='ocrx_word' id='word_1_62' title='bbox 782 742 815 792; x_wconf 92' lang='lat' dir='ltr'><strong>In</strong></span> <span class='ocrx_word' id='word_1_63' title='bbox 829 742 892 793; x_wconf 91' lang='lat' dir='ltr'><strong>aliis</strong></span> <span class='ocrx_word' id='word_1_64' title='bbox 907 757 971 795; x_wconf 89' lang='lat' dir='ltr'><strong>vero</strong></span> <span class='ocrx_word' id='word_1_65' title='bbox 986 749 1088 810; x_wconf 87' lang='lat' dir='ltr'><strong>tempo·</strong></span> 
     </span>
     <span class='ocr_line' id='line_1_9' title="bbox 46 813 1089 880; baseline 0.001 -14"><span class='ocrx_word' id='word_1_66' title='bbox 46 815 175 878; x_wconf 73' lang='lat' dir='ltr'><strong>realibus,</strong></span> <span class='ocrx_word' id='word_1_67' title='bbox 195 819 223 866; x_wconf 90' lang='lat' dir='ltr'><strong>et</strong></span> <span class='ocrx_word' id='word_1_68' title='bbox 245 814 365 880; x_wconf 87' lang='lat' dir='ltr'><strong>prolenis</strong></span> <span class='ocrx_word' id='word_1_69' title='bbox 388 815 513 878; x_wconf 89' lang='lat' dir='ltr'><strong>negotiis,</strong></span> <span class='ocrx_word' id='word_1_70' title='bbox 528 816 556 863; x_wconf 86' lang='lat' dir='ltr'><strong>ui</strong></span> <span class='ocrx_word' id='word_1_71' title='bbox 570 813 643 864; x_wconf 90' lang='lat' dir='ltr'><strong>circa</strong></span> <span class='ocrx_word' id='word_1_72' title='bbox 658 813 778 877; x_wconf 88' lang='lat' dir='ltr'><strong>regimen</strong></span> <span class='ocrx_word' id='word_1_73' title='bbox 796 813 999 879; x_wconf 74' lang='lat' dir='ltr'><strong>oeconomicam,</strong></span> <span class='ocrx_word' id='word_1_74' title='bbox 1018 816 1089 867; x_wconf 90' lang='lat' dir='ltr'><strong>circa</strong></span> 
     </span>
     <span class='ocr_line' id='line_1_10' title="bbox 45 885 1090 951; baseline 0 -14"><span class='ocrx_word' id='word_1_75' title='bbox 45 887 287 944; x_wconf 86' lang='lat' dir='ltr'><strong>constitutionem,</strong></span> <span class='ocrx_word' id='word_1_76' title='bbox 309 885 506 951; x_wconf 81' lang='lat' dir='ltr'><strong>supariosissae,</strong></span> <span class='ocrx_word' id='word_1_77' title='bbox 526 885 598 936; x_wconf 90' lang='lat' dir='ltr'><strong>circa</strong></span> <span class='ocrx_word' id='word_1_78' title='bbox 612 885 835 948; x_wconf 82' lang='lat' dir='ltr'><strong>acceptationem,</strong></span> <span class='ocrx_word' id='word_1_79' title='bbox 859 889 887 936; x_wconf 86' lang='lat' dir='ltr'><strong>et</strong></span> <span class='ocrx_word' id='word_1_80' title='bbox 906 885 1090 938; x_wconf 84' lang='lat' dir='ltr'><strong>dimissionem</strong></span> 
     </span>
     <span class='ocr_line' id='line_1_11' title="bbox 45 955 1089 1025; baseline 0.002 -17"><span class='ocrx_word' id='word_1_81' title='bbox 45 957 222 1025; x_wconf 85' lang='lat' dir='ltr'><strong>puellarum,</strong></span> <span class='ocrx_word' id='word_1_82' title='bbox 235 960 262 1008; x_wconf 89' lang='lat' dir='ltr'><strong>et</strong></span> <span class='ocrx_word' id='word_1_83' title='bbox 275 957 347 1008; x_wconf 89' lang='lat' dir='ltr'><strong>circa</strong></span> <span class='ocrx_word' id='word_1_84' title='bbox 361 969 457 1008; x_wconf 91' lang='lat' dir='ltr'><strong>causas</strong></span> <span class='ocrx_word' id='word_1_85' title='bbox 471 955 633 1020; x_wconf 82' lang='lat' dir='ltr'><strong>regulariter</strong></span> <span class='ocrx_word' id='word_1_86' title='bbox 647 969 702 1006; x_wconf 91' lang='lat' dir='ltr'><strong>non</strong></span> <span class='ocrx_word' id='word_1_87' title='bbox 716 969 745 1007; x_wconf 91' lang='lat' dir='ltr'><strong>se</strong></span> <span class='ocrx_word' id='word_1_88' title='bbox 764 955 863 1022; x_wconf 85' lang='lat' dir='ltr'><strong>ingerit</strong></span> <span class='ocrx_word' id='word_1_89' title='bbox 876 957 1035 1022; x_wconf 83' lang='lat' dir='ltr'><strong>Episcopus.</strong></span> <span class='ocrx_word' id='word_1_90' title='bbox 1048 959 1089 1010; x_wconf 85' lang='lat' dir='ltr'><strong>Da</strong></span> 
     </span>
     <span class='ocr_line' id='line_1_12' title="bbox 46 1027 502 1096; baseline -0.004 -16"><span class='ocrx_word' id='word_1_91' title='bbox 46 1029 131 1082; x_wconf 86' lang='lat' dir='ltr'><strong>Luca</strong></span> <span class='ocrx_word' id='word_1_92' title='bbox 140 1029 177 1080; x_wconf 91' lang='lat' dir='ltr'><strong>de</strong></span> <span class='ocrx_word' id='word_1_93' title='bbox 189 1029 288 1096; x_wconf 82' lang='lat' dir='ltr'><strong>Regul.</strong></span> <span class='ocrx_word' id='word_1_94' title='bbox 298 1029 366 1080; x_wconf 91' lang='lat' dir='ltr'><strong>disc.</strong></span> <span class='ocrx_word' id='word_1_95' title='bbox 380 1027 419 1088; x_wconf 85' lang='lat'><strong>50,</strong></span> <span class='ocrx_word' id='word_1_96' title='bbox 432 1042 460 1078; x_wconf 93' lang='lat' dir='ltr'><strong>n.</strong></span> <span class='ocrx_word' id='word_1_97' title='bbox 478 1028 502 1078; x_wconf 88' lang='lat'><strong>5.</strong></span> 
     </span>
    </p>
   </div>
   <div class='ocr_carea' id='block_1_3' title="bbox 44 1191 1090 1983">
    <p class='ocr_par' dir='ltr' id='par_1_3' title="bbox 44 1191 1090 1983">
     <span class='ocr_line' id='line_1_13' title="bbox 90 1191 1089 1270; baseline 0 -14"><span class='ocrx_word' id='word_1_98' title='bbox 90 1201 158 1256; x_wconf 73' lang='lat'><strong>242.</strong></span> <span class='ocrx_word' id='word_1_99' title='bbox 178 1195 405 1256; x_wconf 83' lang='lat' dir='ltr'><strong>conservatoria</strong></span> <span class='ocrx_word' id='word_1_100' title='bbox 418 1191 596 1270; x_wconf 83' lang='lat' dir='ltr'><strong>regulariter</strong></span> <span class='ocrx_word' id='word_1_101' title='bbox 611 1194 781 1254; x_wconf 88' lang='lat' dir='ltr'><strong>clausuram</strong></span> <span class='ocrx_word' id='word_1_102' title='bbox 795 1210 858 1253; x_wconf 92' lang='lat' dir='ltr'><strong>non</strong></span> <span class='ocrx_word' id='word_1_103' title='bbox 870 1194 991 1268; x_wconf 88' lang='lat' dir='ltr'><strong>habent,</strong></span> <span class='ocrx_word' id='word_1_104' title='bbox 1003 1203 1037 1256; x_wconf 92' lang='lat' dir='ltr'><strong>ut</strong></span> <span class='ocrx_word' id='word_1_105' title='bbox 1049 1213 1089 1256; x_wconf 85' lang='lat' dir='ltr'><strong>ex</strong></span> 
     </span>
     <span class='ocr_line' id='line_1_14' title="bbox 44 1283 1089 1361; baseline 0.001 -17"><span class='ocrx_word' id='word_1_106' title='bbox 44 1286 117 1361; x_wconf 84' lang='lat' dir='ltr'><strong>jam</strong></span> <span class='ocrx_word' id='word_1_107' title='bbox 131 1283 222 1345; x_wconf 90' lang='lat' dir='ltr'><strong>dictis</strong></span> <span class='ocrx_word' id='word_1_108' title='bbox 242 1287 322 1344; x_wconf 91' lang='lat' dir='ltr'><strong>clare</strong></span> <span class='ocrx_word' id='word_1_109' title='bbox 344 1286 478 1357; x_wconf 83' lang='lat' dir='ltr'><strong>resultat,</strong></span> <span class='ocrx_word' id='word_1_110' title='bbox 500 1289 530 1342; x_wconf 90' lang='lat' dir='ltr'><strong>et</strong></span> <span class='ocrx_word' id='word_1_111' title='bbox 551 1283 576 1342; x_wconf 89' lang='lat' dir='ltr'><strong>si</strong></span> <span class='ocrx_word' id='word_1_112' title='bbox 590 1285 760 1343; x_wconf 86' lang='lat' dir='ltr'><strong>clausuram</strong></span> <span class='ocrx_word' id='word_1_113' title='bbox 779 1283 900 1358; x_wconf 85' lang='lat' dir='ltr'><strong>habent,</strong></span> <span class='ocrx_word' id='word_1_114' title='bbox 914 1285 1089 1360; x_wconf 83' lang='lat' dir='ltr'><strong>regulariter</strong></span> 
     </span>
     <span class='ocr_line' id='line_1_15' title="bbox 51 1371 1090 1449; baseline 0.002 -16"><span class='ocrx_word' id='word_1_115' title='bbox 51 1380 174 1434; x_wconf 85' lang='lat' dir='ltr'><strong>lantum</strong></span> <span class='ocrx_word' id='word_1_116' title='bbox 187 1372 366 1449; x_wconf 89' lang='lat' dir='ltr'><strong>episcopalis</strong></span> <span class='ocrx_word' id='word_1_117' title='bbox 384 1378 440 1446; x_wconf 86' lang='lat' dir='ltr'><strong>est,</strong></span> <span class='ocrx_word' id='word_1_118' title='bbox 455 1372 562 1448; x_wconf 88' lang='lat' dir='ltr'><strong>quiea</strong></span> <span class='ocrx_word' id='word_1_119' title='bbox 584 1372 649 1432; x_wconf 90' lang='lat' dir='ltr'><strong>solo</strong></span> <span class='ocrx_word' id='word_1_120' title='bbox 671 1371 818 1448; x_wconf 83' lang='lat' dir='ltr'><strong>Episcopo</strong></span> <span class='ocrx_word' id='word_1_121' title='bbox 838 1373 1014 1434; x_wconf 83' lang='lat' dir='ltr'><strong>auctoritate</strong></span> <span class='ocrx_word' id='word_1_122' title='bbox 1034 1391 1090 1434; x_wconf 88' lang='lat' dir='ltr'><strong>sua</strong></span> 
     </span>
     <span class='ocr_line' id='line_1_16' title="bbox 51 1458 1089 1538; baseline 0.001 -16"><span class='ocrx_word' id='word_1_123' title='bbox 51 1463 228 1522; x_wconf 90' lang='lat' dir='ltr'><strong>constituta.</strong></span> <span class='ocrx_word' id='word_1_124' title='bbox 237 1460 431 1523; x_wconf 87' lang='lat' dir='ltr'><strong>Nihilominus</strong></span> <span class='ocrx_word' id='word_1_125' title='bbox 442 1462 510 1538; x_wconf 86' lang='lat' dir='ltr'><strong>jure</strong></span> <span class='ocrx_word' id='word_1_126' title='bbox 523 1458 685 1519; x_wconf 89' lang='lat' dir='ltr'><strong>novissimo</strong></span> <span class='ocrx_word' id='word_1_127' title='bbox 697 1459 832 1536; x_wconf 89' lang='lat' dir='ltr'><strong>pluribus</strong></span> <span class='ocrx_word' id='word_1_128' title='bbox 841 1461 872 1519; x_wconf 93' lang='lat' dir='ltr'><strong>in</strong></span> <span class='ocrx_word' id='word_1_129' title='bbox 882 1461 1000 1522; x_wconf 84' lang='lat' dir='ltr'><strong>casibus</strong></span> <span class='ocrx_word' id='word_1_130' title='bbox 1011 1479 1089 1523; x_wconf 89' lang='lat' dir='ltr'><strong>sum-</strong></span> 
     </span>
     <span class='ocr_line' id='line_1_17' title="bbox 52 1545 1089 1626; baseline -0.001 -14"><span class='ocrx_word' id='word_1_131' title='bbox 52 1569 124 1613; x_wconf 90' lang='lat' dir='ltr'><strong>mus</strong></span> <span class='ocrx_word' id='word_1_132' title='bbox 131 1552 269 1612; x_wconf 81' lang='lat' dir='ltr'><strong>Pontifex</strong></span> <span class='ocrx_word' id='word_1_133' title='bbox 279 1545 394 1626; x_wconf 68' lang='lat' dir='ltr'><strong>puellis</strong></span> <span class='ocrx_word' id='word_1_134' title='bbox 403 1556 434 1610; x_wconf 90' lang='lat' dir='ltr'><strong>et</strong></span> <span class='ocrx_word' id='word_1_135' title='bbox 446 1547 620 1608; x_wconf 89' lang='lat' dir='ltr'><strong>mulieribus</strong></span> <span class='ocrx_word' id='word_1_136' title='bbox 630 1547 661 1607; x_wconf 92' lang='lat' dir='ltr'><strong>in</strong></span> <span class='ocrx_word' id='word_1_137' title='bbox 671 1549 904 1608; x_wconf 82' lang='lat' dir='ltr'><strong>conservatoriis</strong></span> <span class='ocrx_word' id='word_1_138' title='bbox 913 1550 1089 1626; x_wconf 83' lang='lat' dir='ltr'><strong>degentibus</strong></span> 
     </span>
     <span class='ocr_line' id='line_1_18' title="bbox 51 1636 1087 1715; baseline -0.001 -15"><span class='ocrx_word' id='word_1_139' title='bbox 51 1643 228 1700; x_wconf 88' lang='lat' dir='ltr'><strong>clausuram</strong></span> <span class='ocrx_word' id='word_1_140' title='bbox 247 1639 386 1715; x_wconf 89' lang='lat' dir='ltr'><strong>papalem</strong></span> <span class='ocrx_word' id='word_1_141' title='bbox 406 1636 556 1714; x_wconf 85' lang='lat' dir='ltr'><strong>apposuit,</strong></span> <span class='ocrx_word' id='word_1_142' title='bbox 583 1636 639 1697; x_wconf 90' lang='lat' dir='ltr'><strong>etsi</strong></span> <span class='ocrx_word' id='word_1_143' title='bbox 662 1643 733 1697; x_wconf 92' lang='lat' dir='ltr'><strong>vota</strong></span> <span class='ocrx_word' id='word_1_144' title='bbox 754 1637 900 1697; x_wconf 87' lang='lat' dir='ltr'><strong>solemnia</strong></span> <span class='ocrx_word' id='word_1_145' title='bbox 919 1656 980 1698; x_wconf 93' lang='lat' dir='ltr'><strong>non</strong></span> <span class='ocrx_word' id='word_1_146' title='bbox 1001 1641 1087 1700; x_wconf 88' lang='lat' dir='ltr'><strong>emit-</strong></span> 
     </span>
     <span class='ocr_line' id='line_1_19' title="bbox 52 1725 1088 1805; baseline 0.002 -17"><span class='ocrx_word' id='word_1_147' title='bbox 52 1736 120 1790; x_wconf 89' lang='lat' dir='ltr'><strong>tant</strong></span> <span class='ocrx_word' id='word_1_148' title='bbox 136 1734 192 1802; x_wconf 81' lang='lat' dir='ltr'><strong>il);</strong></span> <span class='ocrx_word' id='word_1_149' title='bbox 208 1727 289 1804; x_wconf 89' lang='lat' dir='ltr'><strong>quod</strong></span> <span class='ocrx_word' id='word_1_150' title='bbox 302 1728 416 1788; x_wconf 88' lang='lat' dir='ltr'><strong>factum</strong></span> <span class='ocrx_word' id='word_1_151' title='bbox 431 1733 485 1800; x_wconf 86' lang='lat' dir='ltr'><strong>est,</strong></span> <span class='ocrx_word' id='word_1_152' title='bbox 502 1735 566 1788; x_wconf 89' lang='lat' dir='ltr'><strong>tum</strong></span> <span class='ocrx_word' id='word_1_153' title='bbox 584 1731 617 1787; x_wconf 91' lang='lat' dir='ltr'><strong>ut</strong></span> <span class='ocrx_word' id='word_1_154' title='bbox 637 1725 667 1786; x_wconf 92' lang='lat' dir='ltr'><strong>in</strong></span> <span class='ocrx_word' id='word_1_155' title='bbox 680 1727 818 1786; x_wconf 78' lang='lat' dir='ltr'><strong>maximis</strong></span> <span class='ocrx_word' id='word_1_156' title='bbox 834 1728 934 1787; x_wconf 84' lang='lat' dir='ltr'><strong>saeculi</strong></span> <span class='ocrx_word' id='word_1_157' title='bbox 947 1728 1088 1805; x_wconf 88' lang='lat' dir='ltr'><strong>periculis</strong></span> 
     </span>
     <span class='ocr_line' id='line_1_20' title="bbox 52 1817 1086 1895; baseline 0.001 -17"><span class='ocrx_word' id='word_1_158' title='bbox 52 1821 154 1895; x_wconf 84' lang='lat' dir='ltr'><strong>majus</strong></span> <span class='ocrx_word' id='word_1_159' title='bbox 178 1819 323 1878; x_wconf 88' lang='lat' dir='ltr'><strong>haberent</strong></span> <span class='ocrx_word' id='word_1_160' title='bbox 347 1817 514 1877; x_wconf 85' lang='lat' dir='ltr'><strong>securitatis</strong></span> <span class='ocrx_word' id='word_1_161' title='bbox 541 1824 756 1893; x_wconf 85' lang='lat' dir='ltr'><strong>tegumentum,</strong></span> <span class='ocrx_word' id='word_1_162' title='bbox 783 1822 847 1876; x_wconf 89' lang='lat' dir='ltr'><strong>tum</strong></span> <span class='ocrx_word' id='word_1_163' title='bbox 875 1831 908 1878; x_wconf 89' lang='lat' dir='ltr'><strong>ut</strong></span> <span class='ocrx_word' id='word_1_164' title='bbox 935 1820 1086 1879; x_wconf 86' lang='lat' dir='ltr'><strong>asaeculo</strong></span> 
     </span>
     <span class='ocr_line' id='line_1_21' title="bbox 53 1905 923 1983; baseline 0 -17"><span class='ocrx_word' id='word_1_165' title='bbox 53 1913 202 1983; x_wconf 81' lang='lat' dir='ltr'><strong>separatae</strong></span> <span class='ocrx_word' id='word_1_166' title='bbox 215 1907 321 1966; x_wconf 87' lang='lat' dir='ltr'><strong>melius</strong></span> <span class='ocrx_word' id='word_1_167' title='bbox 335 1913 459 1983; x_wconf 86' lang='lat' dir='ltr'><strong>possent</strong></span> <span class='ocrx_word' id='word_1_168' title='bbox 473 1905 604 1982; x_wconf 88' lang='lat' dir='ltr'><strong>propriae</strong></span> <span class='ocrx_word' id='word_1_169' title='bbox 617 1905 792 1982; x_wconf 83' lang='lat' dir='ltr'><strong>perfectioni</strong></span> <span class='ocrx_word' id='word_1_170' title='bbox 805 1923 923 1968; x_wconf 86' lang='lat' dir='ltr'><strong>vacare.</strong></span> 
     </span>
    </p>
   </div>
   <div class='ocr_carea' id='block_1_4' title="bbox 55 2045 1086 2752">
    <p class='ocr_par' dir='ltr' id='par_1_4' title="bbox 55 2045 1086 2752">
     <span class='ocr_line' id='line_1_22' title="bbox 85 2045 1084 2112; baseline 0.002 -14"><span class='ocrx_word' id='word_1_171' title='bbox 85 2047 121 2112; x_wconf 89' lang='lat' dir='ltr'><strong>(l)</strong></span> <span class='ocrx_word' id='word_1_172' title='bbox 135 2047 195 2098; x_wconf 88' lang='lat' dir='ltr'><strong>Hoc</strong></span> <span class='ocrx_word' id='word_1_173' title='bbox 207 2046 280 2098; x_wconf 91' lang='lat' dir='ltr'><strong>clare</strong></span> <span class='ocrx_word' id='word_1_174' title='bbox 294 2046 493 2110; x_wconf 83' lang='lat' dir='ltr'><strong>demonstratur</strong></span> <span class='ocrx_word' id='word_1_175' title='bbox 507 2059 539 2096; x_wconf 84' lang='lat' dir='ltr'><strong>ex</strong></span> <span class='ocrx_word' id='word_1_176' title='bbox 552 2045 674 2111; x_wconf 86' lang='lat' dir='ltr'><strong>repetitis</strong></span> <span class='ocrx_word' id='word_1_177' title='bbox 688 2047 715 2096; x_wconf 85' lang='lat' dir='ltr'><strong>et</strong></span> <span class='ocrx_word' id='word_1_178' title='bbox 729 2045 917 2098; x_wconf 85' lang='lat' dir='ltr'><strong>constantibus</strong></span> <span class='ocrx_word' id='word_1_179' title='bbox 927 2046 954 2096; x_wconf 86' lang='lat' dir='ltr'><strong>S.</strong></span> <span class='ocrx_word' id='word_1_180' title='bbox 966 2046 1084 2112; x_wconf 87' lang='lat' dir='ltr'><strong>Gangra-</strong></span> 
     </span>
     <span class='ocr_line' id='line_1_23' title="bbox 55 2115 1086 2184; baseline -0.001 -14"><span class='ocrx_word' id='word_1_181' title='bbox 55 2119 173 2184; x_wconf 85' lang='lat' dir='ltr'><strong>gationis</strong></span> <span class='ocrx_word' id='word_1_182' title='bbox 187 2117 283 2184; x_wconf 89' lang='lat' dir='ltr'><strong>Episco</strong></span> <span class='ocrx_word' id='word_1_183' title='bbox 305 2132 381 2167; x_wconf 88' lang='lat' dir='ltr'><strong>orum</strong></span> <span class='ocrx_word' id='word_1_184' title='bbox 395 2122 423 2169; x_wconf 87' lang='lat' dir='ltr'><strong>ot</strong></span> <span class='ocrx_word' id='word_1_185' title='bbox 433 2116 608 2180; x_wconf 88' lang='lat' dir='ltr'><strong>Regularium</strong></span> <span class='ocrx_word' id='word_1_186' title='bbox 621 2115 749 2167; x_wconf 87' lang='lat' dir='ltr'><strong>decretis.</strong></span> <span class='ocrx_word' id='word_1_187' title='bbox 762 2116 866 2167; x_wconf 87' lang='lat' dir='ltr'><strong>Eadem</strong></span> <span class='ocrx_word' id='word_1_188' title='bbox 876 2117 1009 2181; x_wconf 88' lang='lat' dir='ltr'><strong>siquidem</strong></span> <span class='ocrx_word' id='word_1_189' title='bbox 1020 2120 1086 2170; x_wconf 90' lang='lat' dir='ltr'><strong>Con-</strong></span> 
     </span>
     <span class='ocr_line' id='line_1_24' title="bbox 55 2187 1085 2255; baseline 0 -14"><span class='ocrx_word' id='word_1_190' title='bbox 55 2191 176 2255; x_wconf 86' lang='lat' dir='ltr'><strong>gregatio</strong></span> <span class='ocrx_word' id='word_1_191' title='bbox 191 2188 426 2240; x_wconf 89' lang='lat' dir='ltr'><strong>Conservatorium</strong></span> <span class='ocrx_word' id='word_1_192' title='bbox 449 2187 618 2238; x_wconf 76' lang='lat' dir='ltr'><strong>visitationis</strong></span> <span class='ocrx_word' id='word_1_193' title='bbox 641 2189 668 2238; x_wconf 87' lang='lat' dir='ltr'><strong>S.</strong></span> <span class='ocrx_word' id='word_1_194' title='bbox 688 2187 826 2238; x_wconf 83' lang='lat' dir='ltr'><strong>Francisci</strong></span> <span class='ocrx_word' id='word_1_195' title='bbox 846 2189 942 2239; x_wconf 87' lang='lat' dir='ltr'><strong>Salesii</strong></span> <span class='ocrx_word' id='word_1_196' title='bbox 967 2190 1085 2241; x_wconf 89' lang='lat' dir='ltr'><strong>civitatis</strong></span> 
     </span>
     <span class='ocr_line' id='line_1_25' title="bbox 55 2259 1083 2325; baseline 0 -13"><span class='ocrx_word' id='word_1_197' title='bbox 55 2262 133 2325; x_wconf 84' lang='lat' dir='ltr'><strong>Regii</strong></span> <span class='ocrx_word' id='word_1_198' title='bbox 156 2261 184 2310; x_wconf 92' lang='lat' dir='ltr'><strong>in</strong></span> <span class='ocrx_word' id='word_1_199' title='bbox 203 2260 329 2310; x_wconf 88' lang='lat' dir='ltr'><strong>calabria</strong></span> <span class='ocrx_word' id='word_1_200' title='bbox 349 2259 525 2320; x_wconf 80' lang='lat' dir='ltr'><strong>communivit</strong></span> <span class='ocrx_word' id='word_1_201' title='bbox 546 2259 674 2308; x_wconf 90' lang='lat' dir='ltr'><strong>clausura</strong></span> <span class='ocrx_word' id='word_1_202' title='bbox 698 2259 798 2324; x_wconf 89' lang='lat' dir='ltr'><strong>papali,</strong></span> <span class='ocrx_word' id='word_1_203' title='bbox 820 2259 902 2324; x_wconf 71' lang='lat' dir='ltr'><strong>firmae</strong></span> <span class='ocrx_word' id='word_1_204' title='bbox 928 2265 1083 2314; x_wconf 80' lang='lat' dir='ltr'><strong>remanente</strong></span> 
     </span>
     <span class='ocr_line' id='line_1_26' title="bbox 55 2328 1084 2398; baseline -0.002 -15"><span class='ocrx_word' id='word_1_205' title='bbox 55 2331 219 2398; x_wconf 75' lang='lat' dir='ltr'><strong>professione</strong></span> <span class='ocrx_word' id='word_1_206' title='bbox 234 2335 358 2382; x_wconf 85' lang='lat' dir='ltr'><strong>colorum</strong></span> <span class='ocrx_word' id='word_1_207' title='bbox 379 2328 551 2394; x_wconf 81' lang='lat' dir='ltr'><strong>aiinplicium.</strong></span> <span class='ocrx_word' id='word_1_208' title='bbox 571 2330 618 2380; x_wconf 90' lang='lat' dir='ltr'><strong>Dic</strong></span> <span class='ocrx_word' id='word_1_209' title='bbox 636 2330 663 2379; x_wconf 74' lang='lat' dir='ltr'><strong>li</strong></span> <span class='ocrx_word' id='word_1_210' title='bbox 682 2329 836 2380; x_wconf 82' lang='lat' dir='ltr'><strong>iebr.1839.</strong></span> <span class='ocrx_word' id='word_1_211' title='bbox 856 2331 933 2380; x_wconf 87' lang='lat' dir='ltr'><strong>ldcm</strong></span> <span class='ocrx_word' id='word_1_212' title='bbox 947 2331 1084 2382; x_wconf 89' lang='lat' dir='ltr'><strong>mandavit</strong></span> 
     </span>
     <span class='ocr_line' id='line_1_27' title="bbox 56 2399 1081 2466; baseline -0.002 -12"><span class='ocrx_word' id='word_1_213' title='bbox 56 2403 196 2454; x_wconf 89' lang='lat' dir='ltr'><strong>observari</strong></span> <span class='ocrx_word' id='word_1_214' title='bbox 217 2403 246 2452; x_wconf 92' lang='lat' dir='ltr'><strong>in</strong></span> <span class='ocrx_word' id='word_1_215' title='bbox 266 2401 467 2452; x_wconf 86' lang='lat' dir='ltr'><strong>conservatoris</strong></span> <span class='ocrx_word' id='word_1_216' title='bbox 486 2399 656 2451; x_wconf 82' lang='lat' dir='ltr'><strong>Sanctissimi</strong></span> <span class='ocrx_word' id='word_1_217' title='bbox 679 2400 869 2466; x_wconf 83' lang='lat' dir='ltr'><strong>Redemptcris</strong></span> <span class='ocrx_word' id='word_1_218' title='bbox 885 2401 913 2451; x_wconf 93' lang='lat' dir='ltr'><strong>in</strong></span> <span class='ocrx_word' id='word_1_219' title='bbox 928 2401 1081 2465; x_wconf 88' lang='lat' dir='ltr'><strong>Germania,</strong></span> 
     </span>
     <span class='ocr_line' id='line_1_28' title="bbox 56 2471 1084 2537; baseline 0 -13"><span class='ocrx_word' id='word_1_220' title='bbox 56 2476 84 2524; x_wconf 92' lang='lat' dir='ltr'><strong>in</strong></span> <span class='ocrx_word' id='word_1_221' title='bbox 98 2473 312 2525; x_wconf 86' lang='lat' dir='ltr'><strong>Conservatoriis</strong></span> <span class='ocrx_word' id='word_1_222' title='bbox 327 2473 355 2522; x_wconf 85' lang='lat' dir='ltr'><strong>S.</strong></span> <span class='ocrx_word' id='word_1_223' title='bbox 368 2471 502 2537; x_wconf 74' lang='lat' dir='ltr'><strong>alphonsi</strong></span> <span class='ocrx_word' id='word_1_224' title='bbox 517 2471 593 2536; x_wconf 85' lang='lat' dir='ltr'><strong>regni</strong></span> <span class='ocrx_word' id='word_1_225' title='bbox 608 2471 790 2536; x_wconf 85' lang='lat' dir='ltr'><strong>Neapolitani,</strong></span> <span class='ocrx_word' id='word_1_226' title='bbox 807 2472 822 2522; x_wconf 86' lang='grc'><strong>6</strong></span> <span class='ocrx_word' id='word_1_227' title='bbox 836 2472 956 2524; x_wconf 89' lang='lat' dir='ltr'><strong>decemb.</strong></span> <span class='ocrx_word' id='word_1_228' title='bbox 974 2474 1043 2537; x_wconf 88' lang='grc'><strong>1839,</strong></span> <span class='ocrx_word' id='word_1_229' title='bbox 1057 2477 1084 2524; x_wconf 86' lang='lat' dir='ltr'><strong>ot</strong></span> 
     </span>
     <span class='ocr_line' id='line_1_29' title="bbox 57 2541 1084 2609; baseline -0.002 -13"><span class='ocrx_word' id='word_1_230' title='bbox 57 2545 85 2596; x_wconf 91' lang='lat' dir='ltr'><strong>in</strong></span> <span class='ocrx_word' id='word_1_231' title='bbox 96 2545 159 2594; x_wconf 87' lang='lat' dir='ltr'><strong>allis</strong></span> <span class='ocrx_word' id='word_1_232' title='bbox 174 2543 300 2609; x_wconf 91' lang='lat' dir='ltr'><strong>pluribus</strong></span> <span class='ocrx_word' id='word_1_233' title='bbox 314 2541 536 2602; x_wconf 73' lang='lat' dir='ltr'><strong>conservatoriis</strong></span> <span class='ocrx_word' id='word_1_234' title='bbox 553 2554 614 2606; x_wconf 84' lang='lat' dir='ltr'><strong>qnae</strong></span> <span class='ocrx_word' id='word_1_235' title='bbox 629 2546 741 2608; x_wconf 90' lang='lat' dir='ltr'><strong>propter</strong></span> <span class='ocrx_word' id='word_1_236' title='bbox 755 2543 842 2606; x_wconf 85' lang='lat' dir='ltr'><strong>legem</strong></span> <span class='ocrx_word' id='word_1_237' title='bbox 855 2543 989 2595; x_wconf 77' lang='lat' dir='ltr'><strong>clausurae</strong></span> <span class='ocrx_word' id='word_1_238' title='bbox 1003 2544 1084 2595; x_wconf 86' lang='lat' dir='ltr'><strong>etiam</strong></span> 
     </span>
     <span class='ocr_line' id='line_1_30' title="bbox 56 2611 1081 2680; baseline 0 -13"><span class='ocrx_word' id='word_1_239' title='bbox 56 2615 219 2668; x_wconf 89' lang='lat' dir='ltr'><strong>monasterio</strong></span> <span class='ocrx_word' id='word_1_240' title='bbox 233 2615 367 2678; x_wconf 88' lang='lat' dir='ltr'><strong>appellata</strong></span> <span class='ocrx_word' id='word_1_241' title='bbox 381 2614 499 2666; x_wconf 87' lang='lat' dir='ltr'><strong>luerunt.</strong></span> <span class='ocrx_word' id='word_1_242' title='bbox 511 2613 591 2664; x_wconf 87' lang='lat' dir='ltr'><strong>Anal.</strong></span> <span class='ocrx_word' id='word_1_243' title='bbox 607 2611 669 2664; x_wconf 80' lang='lat' dir='ltr'><strong>dur.</strong></span> <span class='ocrx_word' id='word_1_244' title='bbox 681 2614 760 2665; x_wconf 87' lang='lat' dir='ltr'><strong>Pont.</strong></span> <span class='ocrx_word' id='word_1_245' title='bbox 775 2614 809 2666; x_wconf 87' lang='lat' dir='ltr'><strong>od</strong></span> <span class='ocrx_word' id='word_1_246' title='bbox 823 2627 865 2666; x_wconf 88' lang='lat' dir='ltr'><strong>an.</strong></span> <span class='ocrx_word' id='word_1_247' title='bbox 882 2615 951 2680; x_wconf 88' lang='lat'><strong>1857,</strong></span> <span class='ocrx_word' id='word_1_248' title='bbox 965 2629 1027 2680; x_wconf 84' lang='lat' dir='ltr'><strong>pag.</strong></span> <span class='ocrx_word' id='word_1_249' title='bbox 1042 2615 1081 2674; x_wconf 89' lang='lat'><strong>80,</strong></span> 
     </span>
     <span class='ocr_line' id='line_1_31' title="bbox 57 2686 304 2752; baseline -0.008 -14"><span class='ocrx_word' id='word_1_250' title='bbox 57 2688 112 2749; x_wconf 84' lang='lat'><strong>101,</strong></span> <span class='ocrx_word' id='word_1_251' title='bbox 129 2686 173 2738; x_wconf 87' lang='grc'><strong>193</strong></span> <span class='ocrx_word' id='word_1_252' title='bbox 187 2690 214 2738; x_wconf 89' lang='lat' dir='ltr'><strong>et</strong></span> <span class='ocrx_word' id='word_1_253' title='bbox 228 2699 304 2752; x_wconf 86' lang='lat' dir='ltr'><strong>seqq.</strong></span> 
     </span>
    </p>
   </div>
   <div class='ocr_carea' id='block_1_5' title="bbox 57 2867 1082 3660">
    <p class='ocr_par' dir='ltr' id='par_1_5' title="bbox 57 2867 1082 3660">
     <span class='ocr_line' id='line_1_32' title="bbox 91 2867 1082 2934; baseline -0.001 0"><span class='ocrx_word' id='word_1_254' title='bbox 91 2875 154 2934; x_wconf 69' lang='lat' dir='ltr'><strong>ala.</strong></span> <span class='ocrx_word' id='word_1_255' title='bbox 169 2875 203 2932; x_wconf 93' lang='lat' dir='ltr'><strong>ln</strong></span> <span class='ocrx_word' id='word_1_256' title='bbox 215 2869 448 2932; x_wconf 87' lang='lat' dir='ltr'><strong>conservatoriis</strong></span> <span class='ocrx_word' id='word_1_257' title='bbox 461 2867 669 2930; x_wconf 89' lang='lat' dir='ltr'><strong>ecclesiasticis</strong></span> <span class='ocrx_word' id='word_1_258' title='bbox 683 2869 873 2930; x_wconf 77' lang='lat' dir='ltr'><strong>admittenda</strong></span> <span class='ocrx_word' id='word_1_259' title='bbox 886 2876 1002 2931; x_wconf 86' lang='lat' dir='ltr'><strong>tantum</strong></span> <span class='ocrx_word' id='word_1_260' title='bbox 1012 2878 1082 2934; x_wconf 90' lang='lat' dir='ltr'><strong>sunt</strong></span> 
     </span>
     <span class='ocr_line' id='line_1_33' title="bbox 57 2959 1081 3036; baseline 0.002 -16"><span class='ocrx_word' id='word_1_261' title='bbox 57 2961 261 3036; x_wconf 69' lang='lat' dir='ltr'><strong>feminaeque</strong></span> <span class='ocrx_word' id='word_1_262' title='bbox 272 2961 405 3021; x_wconf 90' lang='lat' dir='ltr'><strong>honestis</strong></span> <span class='ocrx_word' id='word_1_263' title='bbox 417 2959 578 3036; x_wconf 91' lang='lat' dir='ltr'><strong>probisque</strong></span> <span class='ocrx_word' id='word_1_264' title='bbox 587 2959 718 3035; x_wconf 80' lang='lat' dir='ltr'><strong>fulgeant</strong></span> <span class='ocrx_word' id='word_1_265' title='bbox 730 2959 874 3033; x_wconf 87' lang='lat' dir='ltr'><strong>moribus,</strong></span> <span class='ocrx_word' id='word_1_266' title='bbox 884 2977 951 3036; x_wconf 85' lang='lat' dir='ltr'><strong>quae</strong></span> <span class='ocrx_word' id='word_1_267' title='bbox 962 2967 1081 3022; x_wconf 88' lang='lat' dir='ltr'><strong>aetatem</strong></span> 
     </span>
     <span class='ocr_line' id='line_1_34' title="bbox 59 3049 1080 3126; baseline -0.002 -15"><span class='ocrx_word' id='word_1_268' title='bbox 59 3051 272 3126; x_wconf 89' lang='lat' dir='ltr'><strong>compleverint</strong></span> <span class='ocrx_word' id='word_1_269' title='bbox 285 3049 456 3126; x_wconf 89' lang='lat' dir='ltr'><strong>quindecim</strong></span> <span class='ocrx_word' id='word_1_270' title='bbox 469 3064 617 3108; x_wconf 90' lang='lat' dir='ltr'><strong>annorum</strong></span> <span class='ocrx_word' id='word_1_271' title='bbox 635 3052 687 3122; x_wconf 87' lang='lat' dir='ltr'><strong>(l),</strong></span> <span class='ocrx_word' id='word_1_272' title='bbox 711 3065 837 3124; x_wconf 71' lang='lat' dir='ltr'><strong>qumque</strong></span> <span class='ocrx_word' id='word_1_273' title='bbox 858 3050 1028 3109; x_wconf 86' lang='lat' dir='ltr'><strong>necessaria</strong></span> <span class='ocrx_word' id='word_1_274' title='bbox 1041 3051 1080 3109; x_wconf 90' lang='lat' dir='ltr'><strong>ad</strong></span> 
     </span>
     <span class='ocr_line' id='line_1_35' title="bbox 58 3136 1079 3199; baseline 0 -1"><span class='ocrx_word' id='word_1_275' title='bbox 58 3139 146 3199; x_wconf 89' lang='lat' dir='ltr'><strong>vitam</strong></span> <span class='ocrx_word' id='word_1_276' title='bbox 168 3139 392 3198; x_wconf 88' lang='lat' dir='ltr'><strong>sustentandam</strong></span> <span class='ocrx_word' id='word_1_277' title='bbox 414 3139 551 3199; x_wconf 88' lang='lat' dir='ltr'><strong>habeant.</strong></span> <span class='ocrx_word' id='word_1_278' title='bbox 578 3143 712 3197; x_wconf 82' lang='lat' dir='ltr'><strong>Examen</strong></span> <span class='ocrx_word' id='word_1_279' title='bbox 739 3138 846 3197; x_wconf 88' lang='lat' dir='ltr'><strong>harum</strong></span> <span class='ocrx_word' id='word_1_280' title='bbox 875 3136 1079 3198; x_wconf 91' lang='lat' dir='ltr'><strong>conditionum</strong></span> 
     </span>
     <span class='ocr_line' id='line_1_36' title="bbox 59 3225 1078 3304; baseline -0.002 -16"><span class='ocrx_word' id='word_1_281' title='bbox 59 3229 183 3304; x_wconf 89' lang='lat' dir='ltr'><strong>pertinet</strong></span> <span class='ocrx_word' id='word_1_282' title='bbox 196 3228 235 3288; x_wconf 88' lang='lat' dir='ltr'><strong>ad</strong></span> <span class='ocrx_word' id='word_1_283' title='bbox 248 3227 438 3304; x_wconf 84' lang='lat' dir='ltr'><strong>Episcopum,</strong></span> <span class='ocrx_word' id='word_1_284' title='bbox 454 3227 505 3304; x_wconf 88' lang='lat' dir='ltr'><strong>qni</strong></span> <span class='ocrx_word' id='word_1_285' title='bbox 524 3227 596 3287; x_wconf 90' lang='lat' dir='ltr'><strong>dare</strong></span> <span class='ocrx_word' id='word_1_286' title='bbox 615 3227 703 3286; x_wconf 90' lang='lat' dir='ltr'><strong>etiam</strong></span> <span class='ocrx_word' id='word_1_287' title='bbox 725 3226 814 3285; x_wconf 90' lang='lat' dir='ltr'><strong>debet</strong></span> <span class='ocrx_word' id='word_1_288' title='bbox 831 3225 979 3286; x_wconf 87' lang='lat' dir='ltr'><strong>licentiam</strong></span> <span class='ocrx_word' id='word_1_289' title='bbox 992 3226 1078 3286; x_wconf 90' lang='lat' dir='ltr'><strong>indu-</strong></span> 
     </span>
     <span class='ocr_line' id='line_1_37' title="bbox 60 3316 1078 3389; baseline -0.004 -10"><span class='ocrx_word' id='word_1_290' title='bbox 60 3317 126 3379; x_wconf 89' lang='lat' dir='ltr'><strong>endi</strong></span> <span class='ocrx_word' id='word_1_291' title='bbox 136 3317 268 3377; x_wconf 87' lang='lat' dir='ltr'><strong>habitum</strong></span> <span class='ocrx_word' id='word_1_292' title='bbox 285 3321 337 3389; x_wconf 72' lang='lat' dir='ltr'><strong>(i).</strong></span> <span class='ocrx_word' id='word_1_293' title='bbox 351 3317 549 3389; x_wconf 86' lang='lat' dir='ltr'><strong>correctio‚et</strong></span> <span class='ocrx_word' id='word_1_294' title='bbox 566 3316 694 3376; x_wconf 86' lang='lat' dir='ltr'><strong>visitatio</strong></span> <span class='ocrx_word' id='word_1_295' title='bbox 708 3316 843 3375; x_wconf 89' lang='lat' dir='ltr'><strong>absolute</strong></span> <span class='ocrx_word' id='word_1_296' title='bbox 857 3316 890 3374; x_wconf 87' lang='lat' dir='ltr'><strong>iit</strong></span> <span class='ocrx_word' id='word_1_297' title='bbox 903 3318 940 3374; x_wconf 90' lang='lat' dir='ltr'><strong>ab</strong></span> <span class='ocrx_word' id='word_1_298' title='bbox 954 3317 1078 3376; x_wconf 87' lang='lat' dir='ltr'><strong>Ordina-</strong></span> 
     </span>
     <span class='ocr_line' id='line_1_38' title="bbox 59 3405 1077 3481; baseline 0 -16"><span class='ocrx_word' id='word_1_299' title='bbox 59 3406 102 3466; x_wconf 91' lang='lat' dir='ltr'><strong>1io</strong></span> <span class='ocrx_word' id='word_1_300' title='bbox 115 3409 171 3478; x_wconf 69' lang='lat' dir='ltr'><strong>(dir</strong></span> <span class='ocrx_word' id='word_1_301' title='bbox 186 3406 236 3465; x_wconf 91' lang='lat' dir='ltr'><strong>hic</strong></span> <span class='ocrx_word' id='word_1_302' title='bbox 247 3413 347 3466; x_wconf 65' lang='lat' dir='ltr'><strong>nmen</strong></span> <span class='ocrx_word' id='word_1_303' title='bbox 362 3423 422 3465; x_wconf 93' lang='lat' dir='ltr'><strong>non</strong></span> <span class='ocrx_word' id='word_1_304' title='bbox 437 3405 554 3466; x_wconf 84' lang='lat' dir='ltr'><strong>videtur</strong></span> <span class='ocrx_word' id='word_1_305' title='bbox 567 3421 657 3481; x_wconf 90' lang='lat' dir='ltr'><strong>posse</strong></span> <span class='ocrx_word' id='word_1_306' title='bbox 671 3405 896 3464; x_wconf 88' lang='lat' dir='ltr'><strong>conservatoria</strong></span> <span class='ocrx_word' id='word_1_307' title='bbox 910 3405 1077 3480; x_wconf 90' lang='lat' dir='ltr'><strong>supprime-</strong></span> 
     </span>
     <span class='ocr_line' id='line_1_39' title="bbox 60 3493 1076 3571; baseline 0.002 -17"><span class='ocrx_word' id='word_1_308' title='bbox 60 3513 101 3567; x_wconf 84' lang='lat' dir='ltr'><strong>re,</strong></span> <span class='ocrx_word' id='word_1_309' title='bbox 115 3501 143 3554; x_wconf 89' lang='lat' dir='ltr'><strong>et</strong></span> <span class='ocrx_word' id='word_1_310' title='bbox 156 3496 270 3571; x_wconf 88' lang='lat' dir='ltr'><strong>puellas</strong></span> <span class='ocrx_word' id='word_1_311' title='bbox 287 3496 326 3554; x_wconf 90' lang='lat' dir='ltr'><strong>ad</strong></span> <span class='ocrx_word' id='word_1_312' title='bbox 346 3512 449 3555; x_wconf 87' lang='lat' dir='ltr'><strong>earum</strong></span> <span class='ocrx_word' id='word_1_313' title='bbox 470 3495 577 3555; x_wconf 91' lang='lat' dir='ltr'><strong>domos</strong></span> <span class='ocrx_word' id='word_1_314' title='bbox 598 3493 749 3554; x_wconf 89' lang='lat' dir='ltr'><strong>remittere</strong></span> <span class='ocrx_word' id='word_1_315' title='bbox 774 3497 825 3567; x_wconf 83' lang='lat' dir='ltr'><strong>(l).</strong></span> <span class='ocrx_word' id='word_1_316' title='bbox 841 3497 994 3553; x_wconf 89' lang='lat' dir='ltr'><strong>Postremo</strong></span> <span class='ocrx_word' id='word_1_317' title='bbox 1009 3513 1076 3571; x_wconf 85' lang='lat' dir='ltr'><strong>quae</strong></span> 
     </span>
     <span class='ocr_line' id='line_1_40' title="bbox 63 3581 1071 3660; baseline 0 -16"><span class='ocrx_word' id='word_1_318' title='bbox 63 3583 213 3645; x_wconf 85' lang='lat' dir='ltr'><strong>constituta</strong></span> <span class='ocrx_word' id='word_1_319' title='bbox 225 3590 295 3644; x_wconf 88' lang='lat' dir='ltr'><strong>sunt</strong></span> <span class='ocrx_word' id='word_1_320' title='bbox 307 3601 364 3660; x_wconf 92' lang='lat' dir='ltr'><strong>pro</strong></span> <span class='ocrx_word' id='word_1_321' title='bbox 378 3583 556 3644; x_wconf 88' lang='lat' dir='ltr'><strong>monialibus</strong></span> <span class='ocrx_word' id='word_1_322' title='bbox 570 3599 640 3644; x_wconf 88' lang='lat' dir='ltr'><strong>oum</strong></span> <span class='ocrx_word' id='word_1_323' title='bbox 650 3582 749 3644; x_wconf 88' lang='lat' dir='ltr'><strong>debita</strong></span> <span class='ocrx_word' id='word_1_324' title='bbox 762 3581 957 3660; x_wconf 88' lang='lat' dir='ltr'><strong>proportione</strong></span> <span class='ocrx_word' id='word_1_325' title='bbox 967 3593 1071 3659; x_wconf 86' lang='lat' dir='ltr'><strong>aptau-</strong></span> 
     </span>
    </p>
   </div>
   <div class='ocr_carea' id='block_1_6' title="bbox 0 0 1290 4082">
    <p class='ocr_par' dir='ltr' id='par_1_6' title="bbox 0 0 1290 4082">
     <span class='ocr_line' id='line_1_41' title="bbox 0 0 1290 4082; baseline 0 0"><span class='ocrx_word' id='word_1_326' title='bbox 0 0 1290 4082; x_wconf 95' lang='lat' dir='ltr'><strong> </strong></span> 
     </span>
    </p>
   </div>
  </div>
 </body>
</html>
