2468 4090
566 197 725 262 -1927-

126 319 168 376 tet
179 313 343 388 manifesta,
356 313 383 372 si
395 312 547 390 paulisper
560 314 764 392 inspiciuntur,
779 333 847 392 quaa
869 317 928 376 hac
949 315 988 376 de
1011 332 1046 376 re
1062 315 1154 376 docet

127 402 303 464 Benedictus
316 406 394 464 illl':
413 426 424 455 ι
441 405 578 464 Profecto
592 403 702 479 ambigi
722 421 782 464 non
801 410 908 480 polest,
932 404 973 464 ait
992 403 1068 480 ipse,
1081 402 1152 478 quin

126 517 140 542 ι
159 489 249 551 etiam
261 489 351 552 hodie
362 491 430 568 jure
444 492 642 554 Decretalium
661 493 799 554 canonici
817 493 953 554 ecclesiae
974 491 1153 552 cathedralis

127 604 141 631 ι
161 578 219 640 sint
236 577 395 640 consiliarii
415 580 476 641 nati
498 580 724 658 episcoporum,
743 582 819 642 adeo
846 587 879 642 ut
904 597 965 642 non
983 581 1071 642 liceat
1089 579 1152 656 epi·

125 693 139 720 ι
159 685 253 744 scopo
267 667 378 746 aliquid
391 670 491 746 gravis
508 671 654 733 momenti
677 669 831 748 negotium
848 669 981 748 aggredi,
995 677 1026 732 et
1040 669 1152 731 delibe-

125 781 139 808 ι
159 774 237 834 rare,
252 757 422 836 inconsulto
436 759 569 837 capitulo
583 765 636 835 (3).

155 921 190 988 (1)
203 921 376 990 Ecclescap.
392 923 431 976 32.
448 925 526 990 -(1)
539 925 579 977 Da
595 923 646 978 hoc
658 925 766 978 vivendi
779 928 842 977 sunt
861 925 990 976 Doctores
1008 923 1045 974 ad
1061 923 1103 975 tit.
1118 923 1151 974 de

124 993 158 1044 iis
172 1007 233 1059 quae
249 993 347 1046 liunta
364 995 473 1047 Praelat.
490 1002 541 1048 etc:
558 1025 586 1036 -
600 997 637 1062 (a)
652 997 690 1048 lte
710 997 808 1062 synod.
826 997 847 1048 1.
863 996 901 1059 13,
916 1010 940 1048 c.
957 995 979 1054 l,
993 1010 1020 1046 n.
1036 996 1061 1047 l.
1076 995 1150 1046 Inter

124 1065 191 1116 alios
213 1066 375 1130 canonistas,
392 1081 460 1133 quos
481 1068 516 1118 ad
536 1069 588 1120 hoc
606 1067 819 1118 confirmandum
839 1080 983 1134 possemus
1004 1067 1150 1130 adducere,

123 1135 239 1188 sufficiat
252 1137 373 1188 doctrina
386 1138 466 1192 Card.
478 1138 570 1204 Soglia
581 1140 609 1190 in
622 1139 767 1190 novissimo
778 1153 826 1190 suo
841 1151 921 1204 opere
932 1138 999 1188 inst.
1010 1140 1069 1202 jur.
1078 1136 1148 1202 priv.

123 1205 189 1274 ἕῖἳ,
208 1209 255 1274 qui
272 1209 343 1262 hanc
359 1210 405 1260 dat
418 1213 573 1274 generalem
589 1210 730 1276 regulam:
749 1209 790 1262 Nc
806 1211 873 1276 quid
883 1208 1022 1260 Praemia
1035 1207 1148 1274 negotiis

122 1278 292 1344 pravioribus
303 1281 359 1332 sinc
374 1279 493 1347 Capituli
508 1281 628 1346 consilio,
644 1285 690 1333 cut
710 1294 838 1334 eumerus
861 1283 933 1344 apul.
953 1280 1070 1346 Insuper
1090 1279 1149 1330 haec
1220 1273 1221 1340 1

124 1350 230 1400 consilii
248 1351 388 1416 requisitio
404 1359 446 1408 est
459 1357 540 1404 rectae
558 1354 657 1403 rationi
671 1357 698 1404 et
709 1353 766 1418 juri
780 1352 935 1412 conformis,
954 1351 1071 1402 maxime
1087 1363 1148 1402 cum

124 1421 213 1485 egitur
226 1421 259 1473 de
271 1423 386 1486 negotiis
400 1424 503 1475 arduis.
517 1424 550 1474 In
564 1424 671 1475 decreto
689 1424 762 1475 enirn
778 1423 900 1474 Gratiani
921 1421 1054 1473 hebemus
1068 1435 1146 1472 cano·

123 1505 195 1554 nem,
211 1493 257 1558 qui
271 1495 373 1556 statuit,
384 1495 547 1560 Episcopum
557 1494 591 1545 ad
607 1495 692 1546 instar
704 1493 846 1554 Roboami,
862 1493 944 1558 Regis
958 1493 1059 1544 debere
1069 1505 1147 1544 sana-

123 1565 182 1614 tum
190 1578 269 1616 suurn
282 1565 497 1626 habere‚caetum
508 1566 741 1630 Presbyter-orum,
751 1566 831 1616 idest
844 1565 997 1624 Saniorum,
1010 1565 1070 1616 sine
1081 1579 1145 1630 quo-

123 1649 184 1685 rum
198 1636 310 1686 consilio
323 1637 392 1686 nihil
406 1639 496 1701 gravis
510 1637 637 1689 momenti
652 1640 725 1702 agat.
739 1637 803 1688 Can.
817 1637 840 1698 8,
852 1649 875 1686 c.
889 1637 926 1698 16,
941 1650 968 1701 q.
984 1636 1008 1686 l.
1020 1636 1082 1687 Non
1095 1636 1148 1686 alia

123 1713 213 1758 autem
230 1706 263 1758 de
276 1721 358 1758 causa
371 1709 488 1773 populus
504 1709 588 1760 Israel
601 1710 714 1760 recessit
727 1722 744 1759 a
758 1709 896 1760 Roboamo
913 1708 1065 1759 Salomonis
1082 1707 1146 1769 illio,

124 1777 178 1828 nisi
195 1778 268 1843 qnia,
288 1779 380 1830 relicto
398 1779 509 1831 consilio
527 1781 673 1842 seniorum,
699 1781 785 1831 voluit
805 1779 882 1844 sequi
900 1780 1044 1830 consilinm
1058 1779 1147 1831 adole·

125 1848 265 1912 scentiam,
277 1849 325 1914 qni
339 1851 435 1901 nutriti
450 1851 558 1902 inerant
571 1865 633 1902 cum
645 1865 686 1902 eo.
701 1852 715 1902 3
732 1851 800 1915 Bag.
816 1865 839 1901 c.
855 1850 891 1900 12.
911 1850 1000 1912 Quare
1020 1849 1146 1902 laudandi

124 1920 240 1971 maxime
254 1925 318 1972 sunt
331 1921 452 1995 hodierni
463 1922 559 1973 Gallia
575 1922 711 1988 Episcopi,
726 1923 773 1988 qui
785 1923 836 1973 boc
850 1921 990 1973 consilium
1007 1927 1102 1988 petunt
1113 1922 1146 1973 ab

125 1993 549 2058 eorumcapttuiis,etl1abitu1n
563 1995 591 2044 in
606 1994 723 2059 publicis
737 2007 832 2046 eorum
845 1993 942 2046 litteris
956 1994 1103 2057 declarant,
1119 1994 1146 2043 in

125 2078 177 2130 quo
192 2067 327 2132 sapienter
341 2080 508 2118 summorum
520 2067 681 2118 Pontificum
696 2067 802 2132 praxim
818 2071 978 2131 sequuntur,
992 2066 1039 2134 qui
1053 2069 1080 2118 et
1095 2065 1145 2130 ipsi
1220 2095 1221 2118 l

125 2151 141 2188 a
155 2137 272 2204 Collegio
286 2137 471 2190 Cardinalium
484 2137 628 2190 consilium
643 2137 797 2203 exquirunt.

159 2341 221 2398 193.
242 2341 286 2396 lix
307 2342 411 2396 nostra
430 2333 576 2396 sententia
594 2333 753 2412 episcopus
767 2333 951 2393 etiamnunc
964 2333 1054 2394 debet
1067 2333 1144 2410 capi·

123 2427 176 2488 iuli
190 2426 236 2486 sui
248 2413 428 2488 consensum
442 2425 576 2486 obtinere
593 2443 599 2483 :
616 2429 646 2484 1ο
664 2423 695 2482 in
717 2421 753 2482 iis
776 2422 950 2494 statuendis,
971 2439 1038 2498 qnae
1052 2423 1090 2482 ad
1102 2421 1144 2482 di-

123 2516 226 2576 vinum
247 2515 379 2576 officium
399 2514 431 2574 in
455 2512 582 2592 ecclesia
605 2511 826 2585 celebrandum,
842 2517 872 2570 et
887 2511 926 2570 ad
944 2510 1143 2571 ministrorum
1220 2555 1221 2568 ,

123 2605 257 2682 regimen
277 2607 447 2665 referuntur
468 2605 533 2676 (l),
555 2608 585 2662 20
607 2601 636 2660 in
656 2599 799 2676 augendis
821 2600 990 2675 praebendis
1010 2599 1143 2660 tenuibus

123 2714 178 2772 per
191 2695 333 2756 unionem
352 2692 566 2784 beneficiorum
578 2689 765 2766 simplicium,
782 2697 834 2750 aut
853 2707 908 2765 per
925 2689 1051 2748 aliarum
1070 2705 1141 2765 prac-

123 2787 289 2846 bendarum
303 2781 546 2860 suppressionem
561 2785 600 2853 (2)
616 2798 624 2852 3
639 2785 670 2839 3⁰
683 2777 714 2837 in
728 2778 921 2854 procedendo
936 2784 1042 2837 contra
1057 2794 1141 2836 cano·

123 2875 207 2936 nicos
228 2874 258 2934 in
279 2874 396 2934 casibus
417 2869 619 2932 determinatis
638 2887 656 2928 a
674 2867 800 2942 coneilio
814 2866 984 2928 Tridentino
999 2869 1058 2940 (3);
1074 2866 1141 2927 l⁰in
1220 2879 1221 2898 ¹

121 3053 229 3114 bilibus
242 3051 380 3129 personis
393 3051 424 3110 in
437 3051 510 3110 alios
521 3047 587 3124 pios
605 3063 687 3120 usna,
703 3044 772 3104 siin
786 3047 854 3105 loco
865 3043 1060 3104 institutionis
1075 3044 1141 3103 tales

21 2983 30 2995 ·
124 2963 332 3025 convertendis
345 2961 455 3022 relictis
465 2978 521 3037 pro
535 2957 712 3035 peregrinis
726 2955 863 3030 infirmis,
878 2955 1002 3030 aliisque
1022 2955 1142 3016 misera-
1220 2963 1221 2970 ³

122 3159 260 3220 personae
271 3159 332 3201 non
346 3140 415 3215 sint,
428 3145 479 3199 aut
492 3152 650 3214 perpaucae
661 3137 849 3223 reperiantur
862 3137 919 3206 (l);
947 3137 977 3192 5⁰
991 3133 1022 3192 in
1037 3132 1140 3192 consti·
1220 3131 1221 3134 ’

122 3231 241 3292 tuendis
255 3229 506 3291 examinatoribus
525 3223 718 3300 synodalibus
736 3239 775 3282 ex
795 3221 961 3283 licentias.
980 3227 1142 3298 Congrege—
1220 3293 1221 3300 ἵ

121 3321 210 3382 tionis
229 3326 299 3396 post
316 3335 429 3378 annum
449 3317 486 3376 ab
509 3314 612 3375 ultima
633 3312 751 3389 synodo
772 3316 835 3386 (5),
857 3316 884 3370 6⁰
903 3311 933 3368 in
947 3308 982 3369 iis
998 3310 1140 3382 omnibus,
1220 3301 1221 3334 i

123 3427 189 3486 quar
208 3408 328 3484 capituli
348 3407 491 3467 interesse
513 3411 565 3464 aut
587 3418 756 3476 commune,
780 3408 831 3461 aut
851 3399 1031 3476 particulare
1052 3397 1141 3474 respi-

123 3500 214 3569 ciunt,
230 3514 355 3572 utraeque
370 3501 480 3554 statum
493 3491 625 3552 afficiunt
638 3491 731 3567 ipsius
743 3490 889 3564 ecclesiae,
904 3495 938 3548 ut
951 3495 1022 3548 sunt
1036 3488 1139 3548 aliena-

122 3589 219 3648 tiones
232 3602 344 3658 rorum,
360 3583 534 3656 dignitatum
547 3579 758 3660 institutiones,
777 3587 828 3640 aut
841 3578 1079 3656 suppressiones,
1093 3576 1140 3636 be·
1220 3615 1221 3668 3
