2468 4090
576 175 738 232 -idt-

142 295 251 350 relectio
272 298 440 364 provocaret.
456 294 509 346 Sed
531 295 684 348 Bonilacius
693 296 761 348 vlu
774 296 803 348 in
820 309 879 362 cap.
892 293 1115 352 coamentem
1128 296 1159 348 de

143 368 206 420 clar.
222 380 275 418 nou
291 367 372 419 resid.
387 380 433 418 eos
447 366 568 431 sublege
581 367 729 420 universali
743 368 894 428 constituit,
907 367 945 419 ita
958 370 989 418 ut
1001 369 1047 433 qui
1056 381 1112 420 non
1121 381 1162 420 ce·
1215 381 1216 443 l

143 442 184 490 set
201 440 229 488 ln
245 437 326 489 choro
342 450 388 488 eos
402 439 522 504 recipere
535 450 590 490 non
603 441 703 502 posset,
718 443 745 489 et
758 439 782 489 si
796 438 952 504 recepisset,
968 451 1061 490 aarum
1078 437 1161 491 domi·
1215 449 1216 486 t

141 503 218 560 nium
231 521 285 560 non
301 507 462 575 acquireret,
475 523 527 562 nec
551 509 652 561 laceret
669 521 742 574 suas,
761 509 808 561 sed
830 509 866 561 ad
879 509 1078 563 resulutionem
1093 515 1161 562 tene·

143 584 228 632 retur.
1215 587 1216 596 2

178 760 241 818 lsst.
256 760 382 818 Fructus
394 755 485 818 nonni
500 755 608 834 integri
620 755 767 818 debentur
783 757 941 833 canonico,
959 757 1012 834 qui
1025 757 1164 820 continuo
1215 757 1216 818 J

140 845 261 919 resedit,
284 844 376 907 immo
392 851 424 907 et
436 846 464 907 ei
478 845 530 923 qui
548 863 610 908 non
626 846 748 922 resedit,
770 846 796 906 si
809 863 847 908 ex
862 847 947 922 iusta
962 863 1053 906 causa
1065 846 1163 922 abluit.
1215 855 1216 862 ’

139 939 222 996 tusto
238 941 339 996 autem
352 935 494 996 absentia
514 952 605 996 causa
622 942 686 996 est:
700 935 839 996 sobnam
850 934 941 996 enimi
954 952 1010 1012 per
1023 941 1085 996 tres
1099 935 1166 996 anni
1215 983 1216 1018 ,

141 1040 277 1098 mensem
301 1022 455 1086 servitium
476 1024 626 1102 Episcopi,
647 1025 730 1100 quod
749 1025 809 1085 duo
827 1023 969 1085 Eanomci
986 1041 1048 1084 non
1061 1024 1164 1097 curan,
1215 1045 1216 1070 1

86 1115 88 1123 ’
140 1111 207 1189 ipw
228 1112 407 1189 inquirente,
436 1113 467 1173 in
485 1112 609 1174 dioecesi
623 1112 856 1175 administranda
871 1112 899 1174 ei
921 1113 1066 1191 praebent,
1088 1113 1166 1190 quod
1215 1167 1216 1170 ,

143 1201 299 1264 contraria.
311 1201 538 1276 consuetudine,
563 1208 616 1263 aut
635 1203 805 1279 juramento
825 1202 889 1264 tolli
909 1219 971 1262 non
994 1208 1093 1278 potest
1110 1204 1164 1274 (l),

142 1291 273 1352 studium
286 1307 381 1352 sacrae
395 1289 564 1367 scripturae,
578 1297 629 1352 aut
642 1291 806 1368 theologiae
821 1291 851 1351 in
865 1291 963 1368 aliqua
975 1291 1121 1352 catholica
1131 1309 1164 1350 u-

143 1380 315 1442 niversitate
327 1379 504 1454 studiorum,
520 1381 602 1457 quod
615 1386 760 1442 Doctores
771 1383 810 1442 ad
826 1386 878 1442 tus
892 1379 1075 1442 canonicum
1087 1397 1165 1442 com·
1215 1377 1216 1380 ’

143 1471 273 1532 muniter
282 1470 447 1531 extendunt
461 1486 501 1529 err
516 1469 667 1530 identitate
685 1469 818 1543 rationis,
833 1465 915 1530 etex
931 1468 1166 1546 congregationis

144 1559 333 1631 definitione3
359 1563 389 1618 et
409 1558 541 1618 officium
559 1557 687 1633 Magistri
702 1557 731 1616 in
751 1557 857 1618 iisdem
879 1559 1085 1632 Facultatibus,
1107 1558 1165 1617 sive
1215 1581 1216 1584 ¹

145 1648 276 1709 scientiis
290 1652 341 1722 (2).
362 1647 416 1718 Qui
435 1645 482 1708 his
502 1646 540 1707 de
567 1646 665 1706 causis
679 1646 796 1720 absunt,
816 1647 932 1706 tructus
946 1665 1062 1708 annuos
1075 1645 1166 1723 peroi-

145 1738 241 1814 piunt,
258 1735 326 1812 quia
337 1735 412 1812 iuris
429 1735 549 1796 fictione
566 1733 699 1795 residere
717 1741 877 1798 censentur
896 1755 903 1797 :
924 1736 978 1796 sed
999 1753 1061 1796 non
1074 1735 1164 1812 perci·

145 1826 231 1903 piunt
237 1823 458 1885 distributiones
468 1824 662 1902 quotidianas,
674 1841 741 1900 quae
752 1841 791 1884 ex
799 1825 902 1900 regula
915 1824 1047 1900 generali
1059 1831 1165 1885 tantum

146 1911 343 1991 presentibus
356 1912 387 1978 in
396 1915 490 1974 choro
504 1913 703 1988 assignantur,
714 1919 748 1972 ut
760 1929 833 1972 mox
844 1912 1020 1974 ridebimus.

181 2007 252 2062 llaec
271 2017 344 2061 sane
364 2001 405 2061 ita
418 2001 596 2078 procedunt,
612 2001 638 2061 si
658 2001 688 2060 in
700 2000 835 2061 Ecclesia
852 1999 911 2062 sint
925 2008 955 2062 et
968 2003 1082 2062 fructus
1095 2019 1165 2079 prae·

146 2089 271 2165 bendae,
300 2096 331 2151 et
356 2090 578 2152 distributiones
604 2089 791 2167 quotidiana.
819 2094 894 2151 Nam
915 2089 941 2150 si
968 2089 1041 2151 nulli
1075 2094 1168 2152 essent

147 2179 264 2252 fructus
288 2179 468 2255 praebendae,
488 2185 519 2241 et
538 2196 643 2239 omnes
667 2177 800 2238 redditus
820 2177 1019 2240 consisterent
1032 2179 1063 2238 in
1076 2175 1165 2240 distri·

147 2267 318 2329 horionibus
341 2266 530 2344 quotidianis,
557 2268 622 2327 haec
639 2267 738 2327 forent
755 2267 786 2326 in
803 2271 865 2328 tres
878 2274 979 2344 partes
998 2267 1165 2340 dividenda,

149 2373 277 2433 quamm
301 2356 361 2417 dno
384 2362 522 2417 tenerent
542 2356 643 2417 locum
668 2355 1009 2432 lmctuumpraebendae,
1036 2364 1066 2418 et
1088 2356 1165 2418 tertia

149 2443 389 2506 distributionum
412 2444 651 2521 quotidianarum
677 2451 734 2504 :et
756 2443 824 2505 ideo
840 2445 953 2521 primas
979 2447 1055 2507 duas
1075 2453 1167 2524 partes

148 2535 316 2595 lucraretur
338 2533 503 2594 canonicus
522 2534 603 2609 justa
629 2550 668 2594 ex
697 2549 787 2593 causa
812 2533 931 2608 absens,
963 2535 1068 2596 relicta
1090 2535 1167 2596 tertia

149 2631 218 2685 actu
232 2621 469 2696 inservientibus
488 2638 528 2681 ne
543 2621 598 2681 sibi
616 2620 653 2680 sit
666 2619 776 2680 inutilis
786 2622 954 2698 praebcndae
971 2622 1080 2701 titulus,
1093 2631 1121 2686 ct
1133 2641 1167 2684 ne

150 2719 220 2774 actu
232 2710 429 2773 inservientes
442 2710 542 2770 debita
554 2711 732 2770 frustrentur
744 2711 904 2784 mercede(
924 2717 946 2786 ).

182 2870 218 2936 (l)
228 2869 292 2935 Cep.
308 2869 365 2921 let
378 2869 418 2932 15,
434 2867 467 2920 de
487 2865 551 2919 cler.
566 2880 620 2918 non
641 2867 723 2919 resid.
743 2893 774 2908 -
785 2867 821 2932 (t)
837 2867 913 2919 Trid.
929 2861 998 2920 sess.
1013 2869 1037 2933 5,
1065 2884 1089 2922 c.
1102 2869 1122 2933 l,
1137 2869 1166 2920 de

152 2942 202 3064 recti.
218 2945 246 2994 et
258 2955 317 3064 (ΞΕ.
332 2941 356 3006 5,
371 2939 405 2993 de
427 2939 536 3005 magist.
551 2965 579 2978 ·-
595 2938 628 3004 (3)
642 2937 821 2992 Reiffenstnel
835 2939 865 2991 in
878 2939 919 2992 tit.
937 2940 1050 2994 declar.
1065 2955 1116 2994 oon
1128 2955 1165 2993 rc·
1215 2939 1216 2950 ¹

155 3026 178 3066 sr
200 3025 250 3065 .n.
313 3051 320 3063 .

189 3201 253 3259 lsi.
269 3195 496 3258 Distributiones
510 3185 689 3271 quotidianae
704 3195 850 3255 debentur
864 3196 1024 3272 canonico,
1040 3196 1091 3274 qui
1103 3214 1169 3274 pra·
1215 3227 1216 3232 κ

154 3303 224 3348 sens
237 3287 268 3346 in
282 3287 376 3347 choro
389 3286 523 3346 divinum
538 3285 677 3345 officium
686 3283 742 3346 rite
753 3285 868 3361 peregit
883 3291 935 3360 (1).
947 3287 1064 3347 Idcirco
1075 3288 1169 3348 absens

156 3375 245 3434 etiam
268 3393 307 3436 ex
325 3377 404 3452 justa
434 3391 541 3447 causa,
566 3380 600 3434 ut
628 3373 660 3433 in
685 3373 822 3449 proxime
848 3375 1031 3436 enumeratis
1053 3377 1168 3448 casibus,

156 3463 272 3525 etiamsi
284 3471 364 3524 esset
380 3463 519 3541 Episcopi
529 3462 659 3524 vicarius
676 3463 834 3544 Generalis,
848 3463 1071 3526 distributiones
1085 3465 1167 3543 quoti-

157 3551 261 3638 dianes
281 3569 343 3614 non
355 3554 499 3634 lucratio,
516 3551 589 3632 'quae
603 3551 672 3628 jure
686 3551 877 3615 senescendi
887 3551 919 3614 in
935 3553 1090 3620 utilitatem
1102 3571 1167 3634 pra·
