2468 4090
1 329 26 427 ὃ

616 201 778 259 ..158-

225 327 361 384 Potestas
370 337 442 383 vero
455 320 691 383 extraordinaria
704 324 742 382 ab
756 322 906 399 episcopis
915 328 1077 384 exercetur
1086 325 1114 384 in
1125 327 1209 386 omni-

190 412 313 473 busillis
328 412 437 485 causis,
449 412 478 470 in
499 411 606 487 quibus
623 429 641 470 a
661 411 777 472 concilii
791 412 951 472 Tridentini
968 413 1168 474 sanctionibus
1182 415 1208 474 iu
1229 470 1230 504 ,

190 500 319 562 decretis
329 501 366 560 de
377 501 589 561 reformatione
600 501 777 576 apostolicae
787 500 870 562 Sedis
884 502 1013 577 delegati
1031 503 1208 564 constituuu-
1229 515 1230 562 l

190 596 249 660 tur,
255 596 288 649 ut
297 606 368 650 cum
376 589 561 666 obreptionis
571 607 662 648 causa
676 591 855 664 rescriptum
864 589 1030 664 gratiosum
1044 607 1104 650 non
1117 592 1208 652 admit·

190 685 266 751 tunt,
276 695 337 754 quo
349 679 460 754 publici
473 678 572 739 delicti
585 695 656 739 reus
670 694 770 754 poenae
783 678 912 752 inilictae,
924 681 971 739 vel
988 679 1156 755 infligendae
1167 698 1208 740 re·

188 765 362 828 missionem
374 767 501 827 obtinuit
515 770 568 841 (tl,
583 783 653 827 cum
667 785 683 826 a
697 767 850 827 beneficiis
871 767 1088 827 canonicorum
1100 769 1208 828 tertiam

188 857 338 918 redituum
352 867 466 934 partem
478 863 629 933 separent,
639 863 671 915 ut
684 857 788 916 camin
798 856 1020 916 distributiones
1032 857 1209 933 quotidianas

189 953 373 1020 convertant,
388 945 413 1006 si
424 945 471 1012 bis
483 945 616 1006 Ecclesia
629 954 729 1006 careat
742 950 795 1019 (5),
813 963 882 1006 curn
896 947 1045 1007 Ecclesiae
1059 949 1209 1008 saeculares

189 1041 345 1110 exemptas
358 1033 467 1094 nullius
481 1033 621 1093 dioecesis
643 1033 765 1093 visitant
778 1039 830 1106 (6),
846 1051 915 1095 cum
929 1035 1098 1110 procedunt
1111 1036 1209 1096 adver·

77 1177 80 1182 ,
188 1139 240 1182 sus
260 1122 386 1183 clericos
404 1121 635 1182 concubinarios
657 1121 696 1181 ad
714 1124 943 1198 suspensionem
966 1125 1003 1184 ab
1029 1123 1207 1184 administra·
1230 1111 1231 1158 t

188 1211 280 1286 done,
294 1213 342 1272 vel
359 1211 397 1272 ad
412 1211 608 1287 privationem
625 1211 840 1272 beneficiorum
861 1216 913 1287 (1),
937 1219 966 1272 et
981 1213 1132 1289 praecipue
1147 1229 1209 1274 eum

187 1301 355 1378 procedunt
367 1301 511 1361 adversus
524 1302 686 1376 Regulares
700 1307 787 1360 extra
800 1303 932 1361 claustra
944 1302 1088 1376 degentes
1102 1305 1153 1375 (8),
1167 1303 1209 1361 vel

188 1390 333 1451 docentes
346 1407 466 1450 errores
479 1391 518 1449 ab
531 1389 661 1450 Ecclesia
673 1389 831 1448 damnatos
844 1394 896 1462 (9),
912 1391 959 1449 vel
974 1397 1136 1464 peccantes
1148 1409 1209 1450 cou-

188 1487 235 1539 tra
248 1479 404 1538 decretum
417 1477 575 1538 Tridentini
594 1477 632 1537 de
646 1477 840 1537 observandis
859 1484 888 1537 et
900 1477 1027 1538 vitandis
1039 1478 1069 1537 in
1085 1479 1207 1538 celebra-

188 1567 269 1627 tione
282 1566 381 1629 misste
396 1570 465 1639 (10).
489 1571 583 1627 Porro
597 1566 628 1625 in
642 1565 698 1638 his,
715 1563 837 1642 aliisque
858 1565 992 1642 pluribus
1006 1566 1105 1626 causis
1121 1567 1150 1624 iu
1164 1584 1208 1642 ge·

187 1671 270 1728 nere,
285 1661 315 1714 et
338 1655 369 1714 in
384 1654 484 1730 specie
507 1661 612 1715 contra
629 1656 802 1729 Regulares,
818 1671 892 1730 quas
915 1671 1021 1716 omnes
1042 1653 1092 1716 hic
1110 1657 1208 1715 afferre
1231 1667 1232 1672 ¹

188 1760 250 1805 non
263 1751 361 1816 vacet,
377 1743 510 1820 episcopi
523 1747 551 1803 S.
566 1743 650 1803 Sedis
663 1743 794 1818 belegati
807 1742 955 1803 habentur
967 1747 1037 1813 (11).

223 1831 360 1894 Similiter
373 1831 438 1890 baec
452 1831 556 1891 eadem
571 1837 704 1907 potestas
717 1833 755 1890 ab
769 1831 924 1906 Episcopis
937 1838 1107 1904 exercetur,
1120 1832 1169 1891 ubi
1183 1832 1207 1890 in

187 1938 261 1982 casu
275 1921 400 1996 alicujus
412 1936 530 1996 magnae
548 1927 578 1980 et
592 1920 725 1995 urgentis
735 1919 927 1988 ,necessitatis
942 1924 1010 1993 (lb),
1026 1922 1074 1979 vel
1089 1937 1207 1980 consue-

187 2009 299 2070 tudinis
312 2008 443 2084 legitimo
465 2009 557 2067 modo
576 2008 759 2084 praescriptae
774 2011 842 2080 (13),
858 2007 889 2066 in
903 2009 968 2083 lege
992 2007 1151 2082 pontificis,
1166 2009 1207 2067 vel

187 2097 218 2158 in
235 2114 352 2158 canone
366 2095 482 2156 concilii
496 2097 643 2172 generalis
661 2096 846 2173 dispensant,
862 2096 913 2155 nbi
933 2097 1119 2157 absolvunta
1138 2097 1207 2156 casi-

186 2187 244 2246 bus
258 2193 288 2247 et
303 2184 437 2245 censuris
456 2186 611 2261 papalibus
633 2191 759 2244 Romam
782 2202 815 2245 se
837 2185 975 2245 conferre
997 2185 1162 2261 impeditos,
1182 2191 1207 2244 et
1232 2181 1233 2190 ’

185 2275 236 2334 ubi
248 2274 369 2350 aliquod
380 2272 534 2350 negotium
546 2273 602 2333 sibi
616 2272 784 2350 specialiter
801 2291 821 2333 e
837 2289 954 2333 summo
977 2273 1119 2336 Pontifice
1131 2289 1205 2335 com-

185 2364 310 2424 missum
321 2367 505 2440 pertractant
521 2365 592 2438 (14).

216 2531 251 2596 (1)
267 2530 419 2596 Episcopus
432 2530 473 2579 est
487 2528 578 2579 custos
591 2529 618 2578 et
635 2525 744 2593 adjutor
757 2538 896 2578 sacrorum
917 2540 1058 2592 canonum,
1074 2528 1170 2594 quibus
1183 2530 1206 2578 et

185 2603 244 2668 ipse
261 2601 418 2667 subjicitur;
433 2613 465 2650 ac
481 2598 592 2663 proinde
607 2599 700 2664 nequit
726 2599 814 2663 legem
827 2611 843 2648 a
857 2598 969 2649 concilio
985 2599 1121 2658 decemb,
1138 2599 1205 2650 vela

185 2675 261 2739 Papa
275 2672 406 2724 sancitam
422 2672 564 2732 abrogare,
580 2672 627 2720 aut
641 2669 773 2732 relaxare,
789 2672 836 2720 aut
849 2673 942 2720 contre
955 2670 1043 2736 ipsam
1057 2683 1145 2736 agere.
1159 2670 1203 2720 Sn-

184 2745 274 2811 perior
289 2744 399 2808 quippe,
414 2745 446 2793 nt
461 2741 499 2792 ait
515 2740 679 2791 Benedictus
702 2739 769 2791 XIV
786 2741 878 2790 statim
897 2754 930 2791 ac
951 2742 1055 2806 aliquid
1074 2756 1124 2806 per
1136 2753 1204 2792 suem

185 2817 273 2882 legem
287 2813 450 2880 praescribit,
466 2814 513 2863 aut
526 2811 662 2877 prohibet,
680 2810 748 2862 iilud
765 2811 901 2862 subtrabit
921 2812 956 2862 ab
979 2813 1118 2864 ordinaria
1138 2815 1203 2877 pote-

186 2891 257 2938 state
277 2885 423 2949 inierioris,
444 2884 487 2934 cui
501 2886 645 2949 propterea
661 2882 755 2948 nequit
769 2882 909 2944 obluctari,
923 2883 976 2933 nisi
990 2883 1055 2934 velit
1075 2898 1150 2935 suem
1162 2895 1202 2932 vo-

185 2959 317 3009 luntatem
331 2960 494 3020 anteponere
507 2955 639 3006 voluntati
653 2954 803 3018 superioris
826 2957 853 3005 et
870 2956 929 3018 ejus
943 2955 1166 3018 superioritatem,
1182 2956 1204 3003 et

185 3029 366 3081 obedientiam
380 3033 514 3087 excutere,
532 3039 613 3090 quam
631 3025 831 3076 intolerabilem
850 3024 1019 3076 insolentiam
1044 3024 1204 3091 reprehendit

185 3102 312 3153 Nicclens
325 3101 347 3158 I,
361 3101 390 3149 in
404 3113 464 3150 can.
478 3095 599 3162 Inferior
612 3096 675 3147 dist.
697 3095 737 3146 21.
757 3096 921 3148 Benedictus
938 3096 1003 3146 xlv
1022 3096 1057 3148 de
1082 3095 1175 3161 synod.
1188 3094 1203 3142 1.

187 3173 212 3236 9,
227 3187 251 3224 c.
267 3174 289 3236 i,
306 3187 333 3222 11.
349 3171 373 3220 6.
387 3170 464 3232 Quod
485 3169 600 3219 dicimus
614 3168 647 3218 de
667 3168 725 3232 lege
750 3168 899 3233 superioris
915 3167 1068 3219 extenditur
1083 3170 1160 3219 etiam
1175 3165 1203 3216 ad

186 3243 407 3296 consuetudinem
422 3239 587 3305 generalem,
602 3253 682 3304 quam
700 3253 753 3289 non
768 3243 855 3303 potest
878 3239 1032 3304 Episcopus
1050 3240 1149 3291 tollere.
1167 3237 1202 3286 ld.

186 3316 206 3366 l.
222 3315 261 3378 ll,
276 3329 300 3366 c.
318 3314 355 3374 il,
366 3327 394 3362 n.
408 3311 445 3362 11).
461 3311 500 3362 Ac
511 3310 664 3375 praesertim
679 3309 760 3362 debet
774 3310 923 3377 Episcopus
934 3323 1040 3373 cavere,
1055 3325 1089 3362 ne
1103 3309 1165 3375 quid
1179 3308 1203 3358 in

185 3386 292 3451 legibus
305 3385 362 3436 suis
377 3384 505 3448 proferat,
529 3382 600 3446 quod
615 3382 726 3447 juribus
741 3382 903 3447 Apostolicae
927 3382 1004 3433 Sedis
1026 3381 1204 3448 prejudicium

185 3456 288 3518 afferet,
302 3457 349 3507 aut
364 3454 486 3520 ejusdem
500 3453 652 3506 auctoritati
666 3454 702 3504 sit
715 3453 886 3518 injuriosum.
901 3453 942 3504 ld.
958 3454 976 3504 l.
990 3454 1015 3518 9,
1033 3467 1056 3505 e.
1074 3453 1095 3516 1,
1107 3467 1132 3503 n.
1146 3453 1168 3514 l,·
1181 3454 1205 3500 et

187 3521 205 3579 l.
226 3527 262 3589 tt,
277 3541 300 3578 c.
321 3527 341 3586 1,
355 3527 371 3577 i
384 3530 411 3576 et
422 3538 497 3589 seqq.
512 3551 542 3560 -
553 3524 588 3588 (2)
605 3525 672 3588 Cap
690 3523 719 3575 14
742 3524 775 3574 de
788 3524 882 3590 poeuit.
897 3527 924 3576 at
938 3524 1029 3576 remis.
1044 3551 1075 3562 —
1088 3523 1121 3588 (3)
1134 3521 1204 3574 Circa

186 3600 350 3664 quaestiones
365 3609 472 3650 morum
486 3597 511 3647 et
523 3595 595 3653 fidei,
614 3608 675 3661 quse
696 3595 746 3648 sub
765 3596 903 3649 ordinaria
924 3595 1111 3662 episcoporum
1136 3596 1204 3659 pote·
