2546 4082
638 223 795 310 ..303¹-

232 375 269 441 (l)
282 373 342 426 Lib.
363 373 388 436 o,
402 385 429 426 u.
451 372 503 426 ue.
521 399 552 412 ·-
564 372 602 438 (l)
622 373 681 427 Hoc
694 375 768 440 patet
786 385 819 424 ax
840 371 929 424 torma
942 370 1121 424 absolutionis
1135 383 1221 424 secra·

201 444 328 498 meumlis
348 445 508 510 praescripta
519 456 537 495 a
550 443 650 496 Rituali
665 445 792 496 Romano.
808 472 839 482 -
853 444 887 509 (3)
905 443 1008 494 Revera
1027 443 1054 494 iu
1074 443 1222 509 Rescriptis

202 517 230 568 S.
245 517 332 580 Sedis,
344 517 372 568 iu
386 516 487 582 quibus
499 516 591 582 aliquo
604 517 701 581 gratia,
716 515 859 573 indultum,
874 518 922 566 aut
938 513 1112 580 privilegium
1126 527 1220 565 conee-

201 588 283 646 ditur.
302 593 329 640 et
343 588 425 640 etiam
441 587 469 638 in
482 587 730 653 dispensationibus
746 599 830 652 super
842 586 1008 636 matrimonii
1023 585 1220 650 impedimentis

201 659 345 724 apponitur
363 659 497 710 absolutio
513 671 530 710 a
550 660 673 711 censuris
687 658 722 710 ad
735 657 860 710 ellectum
875 656 998 708 lucrandi
1012 658 1148 721 gretiam
1163 670 1219 706 nam

201 731 280 783 aliter
293 731 530 782 excommunicatis
544 730 704 796 rescriptum
716 743 769 780 non
785 729 933 794 prodesset.
948 728 1002 780 Sed
1015 729 1077 779 baec
1091 728 1215 779 absolutio

199 816 253 854 non
269 801 379 869 prodest
390 814 445 852 non
458 799 615 866 parentibus
634 801 676 851 rei
691 799 834 866 judicate,
848 798 1035 861 incendiariis,
1047 797 1215 853 natatorius

199 872 380 935 materiarum,
396 871 624 938 labificalombus,
639 874 663 924 el
681 869 825 936 falsificari
839 870 1048 937 procurantibus
1067 869 1180 933 litteras,
1193 872 1217 921 ct

198 943 405 1009 supplicationes
424 941 597 1006 apostolicus,
613 941 707 996 stillis
722 941 866 1003 utentibus,
884 941 1074 1008 receptoribus,
1092 944 1117 994 et
1133 941 1215 1006 saido·

198 1015 273 1068 eiius
294 1028 396 1076 comem,
418 1028 451 1066 ac
474 1027 516 1064 res
533 1013 631 1066 vetitas
655 1011 692 1066 ad
707 1012 825 1077 infideles
842 1011 1031 1078 deserentibus,
1047 1011 1221 1065 uiolatoribus

198 1085 378 1138 ucesiurice
394 1084 534 1146 libertatis,
550 1084 596 1136 via
607 1083 678 1148 sacti
690 1096 760 1134 ausu
775 1082 918 1136 temerario
934 1082 1091 1148 Apostolicis
1104 1081 1220 1134 manda

199 1155 234 1210 tis
250 1168 304 1208 nou
318 1155 569 1221 obtemperantibus,
580 1159 605 1208 et
619 1153 746 1216 Nuncios,
758 1155 798 1206 ael
813 1159 962 1207 executores
973 1154 1131 1219 apostoliae
1139 1149 1222 1216 Sedis,

198 1231 222 1280 et
245 1228 303 1292 ejus
317 1226 481 1292 Otttcialiuru
497 1227 556 1291 ejus
580 1226 722 1278 commissa
748 1229 904 1292 ecepueutes
930 1225 1151 1290 impedientibus,
1178 1225 1223 1292 qui

197 1301 308 1364 propter
322 1299 469 1362 pruinissa,
483 1296 524 1349 uel
539 1296 650 1363 aliquod
665 1311 758 1349 eorum
773 1297 1000 1350 excommunicati
1015 1297 1121 1362 ajure,
1137 1297 1178 1350 uel
1190 1296 1222 1347 ab

197 1367 303 1421 tramine
318 1381 367 1434 per
379 1372 497 1434 quatuor
512 1381 612 1421 ruenses
626 1367 740 1421 aemuler
761 1367 1045 1420 eccmumunicalionis
1058 1368 1222 1422 seutentiam

197 1438 354 1506 hujusmodi
377 1439 582 1502 substinuerunt,
608 1444 633 1494 et
658 1440 822 1504 pastoraliter
846 1439 1052 1506 quibuscumque
1076 1437 1152 1504 aliis,
1178 1437 1222 1505 qui

196 1510 317 1564 censuris
333 1510 466 1576 aliquibus
486 1511 570 1564 ctiam
591 1511 670 1572 alias,
693 1524 784 1576 quam,
805 1514 836 1564 ut
857 1511 1006 1578 profertur,
1027 1510 1223 1576 quomodolibet

196 1581 276 1647 lipati
301 1581 331 1632 in
352 1581 407 1633 illis
422 1595 471 1647 per
494 1594 598 1634 anuum
617 1581 777 1634 continuam
801 1581 995 1635 insorduerint.
1019 1581 1087 1646 Reg.
1112 1581 1221 1634 cancel.

196 1652 258 1719 ltili,
272 1654 300 1703 in
315 1653 375 1703 Bul.
385 1666 445 1704 nov.
457 1655 522 1704 tom.
536 1653 562 1714 l,
573 1666 632 1718 pag.
653 1651 689 1703 ll.
704 1652 839 1704 Ceterum
853 1653 913 1704 haee
927 1652 1062 1704 absolutio
1075 1651 1114 1704 ael
1131 1655 1221 1704 caute-

196 1725 253 1776 lam
265 1725 345 1776 datur
360 1725 440 1774 etiam
454 1738 514 1775 cum
527 1725 658 1774 incertum
673 1729 723 1784 est,
738 1738 773 1775 an
788 1725 850 1790 quis
866 1724 900 1776 ob
914 1725 1025 1789 aliquod
1038 1725 1144 1774 sectum
1158 1737 1220 1774 cen·

196 1809 286 1846 auram
304 1795 473 1848 contraxerit.
494 1795 559 1859 Cap.
573 1794 603 1845 lt]
621 1795 655 1846 de
671 1800 738 1846 seut.
759 1808 860 1846 excom.
877 1793 1040 1857 Incertitudo
1055 1795 1115 1854 haec
1135 1798 1221 1860 potest

195 1867 261 1918 oriri
275 1881 309 1918 ex
331 1867 437 1916 delectu
459 1867 618 1930 cognitionis
633 1867 706 1930 juris
729 1871 757 1917 et
771 1867 843 1930 lacti,
857 1881 891 1918 ex
911 1867 1017 1918 delectu
1039 1865 1176 1916 libertatis
1193 1865 1219 1915 in

196 1941 301 2002 egente,
318 1951 351 1988 ex
362 1937 467 1988 delectu
482 1939 622 2004 potestatis
636 1939 665 1987 in
678 1937 780 2002 judice,
798 1943 879 2004 atqua
895 1952 929 1990 ex
943 1938 1049 1989 delectu
1060 1938 1179 2001 justitiae
1193 1937 1220 1987 in

197 2008 338 2060 aeumutia.
356 2008 385 2058 Si
404 2008 473 2060 desit
486 2010 602 2074 cognitio
618 2009 652 2059 ob
671 2009 849 2072 ignorantiam
869 2023 1000 2070 orassem,
1019 2013 1066 2058 aut
1083 2009 1217 2073 supinam.

195 2091 310 2130 censura
334 2079 508 2131 contrabitur.
525 2081 588 2144 Cep.
611 2079 676 2129 ide
696 2081 802 2130 constit.
818 2080 846 2129 in
859 2081 883 2142 6,
900 2080 952 2131 nisi
974 2081 1001 2130 in
1024 2080 1083 2143 lege
1106 2079 1220 2144 praeeiso

159 2175 162 2180 ·
195 2151 350 2215 requiretur
364 2152 485 2215 scientia,
500 2155 530 2201 ut
544 2165 605 2202 cum
622 2152 666 2201 lex
682 2149 764 2202 babet
777 2151 934 2215 clausulam,
953 2149 1140 2209 scienter,'aut
1153 2162 1218 2214 pre-

192 2222 353 2285 rumesium
367 2235 420 2288 quo
432 2235 497 2272 casu
508 2222 637 2272 Doctores
651 2222 689 2273 ita
703 2221 903 2286 delinquentem
920 2234 1065 2272 acensura
1079 2223 1216 2272 excusant.

194 2292 235 2344 Ob
251 2293 429 2357 ignorantiam
442 2307 505 2344 vero
516 2291 676 2356 affectatam,
688 2307 766 2344 nemo
779 2295 932 2355 excusatur,
943 2292 1007 2357 quia
1020 2293 1082 2342 talis
1092 2291 1216 2355 ignoran·

194 2364 231 2414 tia
245 2365 391 2430 aequivelet
408 2365 538 2423 scientiae,
558 2365 639 2414 imino
654 2369 682 2415 et
702 2364 771 2415 dolo.
793 2363 834 2416 Ob
849 2364 1028 2428 ignerantiam
1044 2363 1165 2427 denique
1178 2363 1216 2412 in·

192 2435 348 2486 vincibilem
371 2443 425 2486 tam
442 2436 523 2500 juris,
546 2449 628 2501 quam
650 2435 714 2486 lacti
739 2448 832 2486 omues
857 2441 1028 2498 excusentur,
1055 2449 1118 2485 cum
1145 2433 1217 2486 nulla

192 2506 228 2556 sit
242 2507 271 2556 iu
289 2507 329 2558 eis
343 2506 520 2565 contumacia,
536 2519 651 2572 cumque
666 2507 704 2556 ibi
718 2519 777 2557 esse
792 2511 911 2571 nequeat
927 2519 1017 2572 prena,
1036 2506 1083 2556 ubi
1096 2519 1155 2556 nou
1169 2505 1217 2555 luit

192 2575 282 2640 culpa.
298 2576 362 2640 Cap.
379 2576 439 2628 lde
453 2582 521 2628 sent.
534 2591 635 2628 excom.
651 2578 680 2628 Si
695 2577 767 2628 desit
786 2577 815 2627 in
829 2582 925 2642 agente
940 2577 1053 2628 libertas
1067 2577 1102 2627 ob
1116 2581 1217 2626 metum

192 2659 310 2712 gravem,
324 2661 440 2699 censura
452 2661 505 2699 non
519 2648 697 2709 contrabium,
710 2649 775 2713 quia
789 2647 863 2712 leges
879 2648 1005 2698 bumanae
1027 2661 1081 2698 nen
1095 2647 1217 2712 obligant

192 2732 253 2769 cum
262 2719 338 2782 gravi
348 2720 455 2781 damno,
465 2722 492 2770 et
504 2719 630 2770 aliunde:
645 2717 720 2784 Quod
733 2732 788 2771 neu
798 2724 834 2771 est
847 2718 952 2772 licitum
962 2719 993 2770 ia
1002 2718 1065 2784 leae,
1075 2718 1217 2770 uecesritas

191 2788 259 2853 facit
276 2788 389 2841 licitum.
414 2789 477 2856 Cap.
498 2789 513 2840 l
535 2788 569 2840 de
591 2804 646 2854 reg.
670 2790 724 2854 jur.
748 2792 785 2840 At
807 2791 835 2840 in
851 2791 960 2842 casibus
982 2789 1216 2846 extraordinariis,
1270 2825 1271 2838 2

191 2860 299 2925 quando
313 2860 437 2912 videlicet
449 2859 600 2912 observatio
610 2861 679 2924 legis
689 2861 815 2912 humanm
828 2862 965 2912 moraliter
973 2862 1132 2912 necessaria
1142 2861 1215 2912 vide·

191 2934 236 2981 tur
252 2944 300 2996 pro
315 2931 498 2982 conservando
513 2931 582 2982 bono
596 2931 724 2998 publico,
734 2934 781 2982 aut
801 2933 825 2982 si
848 2934 908 2998 ejus
931 2933 1040 2983 violatio
1063 2932 1171 2983 cederet
1184 2931 1212 2980 iu

191 3004 374 3066 contemptum
393 3002 465 3061 fidei,
480 3002 615 3067 vellegis,
635 3008 682 3054 aut
697 3002 837 3067 potestatis
852 3003 1052 3066 ecclesiastices,
1073 3008 1213 3068 transgre-

190 3073 267 3122 diens
282 3087 314 3122 ex
328 3074 403 3136 gravi
423 3078 497 3124 metu
518 3073 598 3124 etiem
618 3075 681 3124 vitae
705 3076 791 3139 legem
816 3074 868 3125 sub
891 3088 1006 3126 censura
1028 3075 1146 3139 positam
1163 3087 1214 3124 nou

190 3147 334 3193 excusatur
347 3145 381 3195 ab
394 3145 449 3202 illa,
463 3151 494 3196 ut
507 3144 580 3196 bisce
593 3146 684 3196 verbis
698 3150 770 3196 tenet
783 3143 957 3196 lleillenstuel
972 3145 1007 3197 de
1025 3151 1094 3196 sent.
1111 3159 1212 3196 excom.

188 3225 215 3264 n.
235 3213 274 3271 el,
292 3215 333 3264 cui
351 3215 497 3266 subscribit
517 3216 543 3266 S.
561 3217 600 3266 Da
619 3216 740 3286 Ligurio,
756 3221 782 3267 et
800 3215 930 3268 Gonzeles
944 3217 978 3266 ud
992 3230 1051 3281 cap.
1071 3212 1165 3270 Sacris
1181 3217 1212 3267 de

189 3283 232 3334 bis
246 3297 307 3348 quie
319 3285 449 3344 vi,1netu‚
467 3289 528 3347 ete..
539 3292 565 3336 et
582 3287 758 3338 communiter
772 3288 899 3338 Doctores
914 3289 1032 3339 tradunt.
1054 3288 1083 3340 Si
1098 3287 1212 3352 denique

101 3369 105 3378 ·
189 3354 261 3405 desit
274 3358 392 3420 potestas
409 3355 438 3405 in
446 3357 547 3420 judice,
562 3363 609 3408 aut
619 3358 726 3422 justitia
741 3358 767 3408 in
782 3371 847 3409 casu
861 3360 1013 3424 sententia,
1026 3365 1074 3410 aut
1088 3359 1116 3409 in
1135 3359 1210 3408 modo

191 3439 250 3476 eam
268 3427 475 3491 pronunciandi,
489 3429 517 3480 in
531 3429 614 3479 dubio
628 3430 759 3480 sententia
774 3430 802 3479 in
816 3430 873 3480 loro
890 3431 1017 3482 exteriori
1030 3437 1072 3483 est
1082 3431 1210 3483 servanda

188 3496 362 3561 quiabonum
379 3498 529 3564 publicum,
547 3501 648 3551 otardo
663 3501 799 3551 societatis
813 3500 840 3550 id
856 3502 978 3566 requirit.
994 3503 1062 3566 Cap.
1074 3504 1090 3552 5
1104 3503 1139 3554 de
1149 3501 1207 3552 cler.

187 3579 288 3687 exggm.
306 3568 411 3690 μίξει.
433 3570 460 3619 et
477 3584 537 3635 cap.
556 3571 587 3623 lt)
600 3571 634 3624 de
647 3573 716 3624 sent.
731 3585 833 3624 excom.
849 3599 876 3612 ·-
891 3573 928 3636 (t)
941 3574 1005 3638 Cap.
1029 3573 1062 3624 lt
1084 3573 1119 3626 de
1142 3575 1207 3624 seut·

187 3650 220 3688 ex
253 3650 287 3687 m.
304 3651 333 3688 iu
364 3673 370 3688 .
