2490 4088
473 109 616 171 ..35-

52 229 174 292 drmtam
190 229 258 289 ritae
269 229 435 291 insolubilis
446 233 497 303 (Ξ).
516 236 549 291 ln
571 231 684 307 templo
701 247 757 308 per
779 230 937 292 Pontifices
962 239 992 294 et
1006 236 1058 294 sa-

52 319 171 378 cerdotes
184 325 342 378 exercetur
355 319 393 378 ad
406 322 551 396 populum
565 320 616 380 Dei
634 319 879 381 sanctificandum
892 321 922 380 in
937 323 1058 386 nomine

53 417 75 466 et
88 407 190 468 virtute
206 413 275 468 lesu
296 407 411 482 Christi,
427 411 478 485 qui
499 410 612 484 primns
627 416 657 470 et
671 416 833 486 perpetuus
857 417 903 470 est
923 411 1060 473 Pontifex

53 503 74 555 et
85 497 231 570 Sacerdos
245 502 275 556 et
289 494 377 556 simul
388 497 569 558 Sacrificium
583 502 634 572 (3),
650 502 735 574 cujus
746 499 846 558 caeteri
860 499 1018 561 Pontifices
1030 511 1060 564 et

52 591 211 650 Sacerdotes
222 594 293 650 sunt
305 589 442 650 ministri.
459 591 492 650 lli
507 598 656 667 potestate
666 592 765 652 divina
777 593 882 652 muniti
896 610 1061 654 sacramen·

53 678 89 751 tis,
104 677 369 752 benedictionibus,
385 686 414 739 ct
432 681 573 756 precibus
589 681 687 757 populi
703 681 968 742 sanctificationem
986 700 1060 759 ope-

52 774 149 842 rantur,
175 785 242 844 quae
262 766 375 828 directe
389 774 419 828 et
437 768 638 844 principaliter
653 769 768 829 animas
782 770 937 830 hominum
956 772 1057 848 afficit,

52 855 180 916 indirecte
201 864 302 916 autem
324 863 354 916 et
371 857 547 917 secundario
571 857 659 918 etiam
688 875 826 935 corpora,
849 867 879 919 et
902 876 952 920 res
969 866 1064 920 mate·

56 945 140 1019 dales,
156 963 223 1022 quaa
237 945 268 1004 in
279 962 367 1005 usum
380 944 471 1004 divini
486 948 583 1006 cultus
598 953 667 1006 sunt
680 949 877 1022 assumendae,
887 955 920 1008 ut
933 956 1003 1010 sunt
1012 967 1062 1011 res

54 1049 131 1094 sacrae
150 1041 181 1095 et
202 1033 370 1109 religiosa:
394 1051 464 1094 nam
485 1034 618 1096 divinum
637 1036 842 1096 sacerdotium
863 1039 1004 1112 postulat,
1029 1046 1062 1100 ut

55 1139 106 1198 quae
118 1123 147 1182 in
162 1123 228 1198 ipso
241 1122 438 1196 continentur,
454 1126 501 1182 vel
514 1123 614 1200 ipsum
628 1123 815 1200 contingunt,
827 1126 1060 1203 sanctificentur,

54 1211 196 1288 dequibus
209 1212 285 1272 infra
298 1211 360 1272 suis
372 1210 403 1270 in
422 1211 496 1272 locis
510 1228 565 1288 pro
577 1212 711 1274 instituto
726 1220 829 1274 nostro
843 1231 976 1290 agemus.

81 1301 207 1362 Officium
218 1299 395 1360 Pontificum
410 1307 440 1360 et
453 1301 647 1363 sacerdotum
660 1320 678 1361 a
693 1302 821 1377 liturgia
835 1303 981 1378 dirigitur,
995 1321 1062 1380 quae

55 1390 186 1464 milwae
196 1391 399 1451 ministerium
411 1397 508 1464 sonat,
524 1396 554 1450 et
572 1397 672 1466 potest
685 1391 801 1450 definiri
818 1410 824 1449 ς
839 1393 939 1466 formo
962 1393 1061 1453 cattas

56 1481 151 1539 aeterni
164 1497 184 1539 a
195 1480 253 1538 Deo
263 1479 344 1554 dete,
358 1478 403 1539 vel
412 1479 447 1538 ab
459 1477 586 1539 Ecclesia
596 1479 728 1554 probate.
741 1479 871 1539 Dicimus
884 1481 970 1541 olleo
980 1481 1061 1551 doto,

57 1569 110 1642 qnia
128 1569 203 1628 ritus
222 1574 477 1628 sacramantormn
490 1569 528 1628 de
546 1585 651 1629 eorum
670 1569 794 1628 materia
816 1576 846 1628 at
870 1570 976 1644 forma,
1001 1586 1062 1630 non

56 1665 163 1731 possunt
183 1657 342 1733 provenire
364 1657 420 1716 nisi
443 1675 461 1716 a
483 1663 552 1718 Deo.
572 1657 700 1718 Dicimus
723 1658 759 1717 ob
783 1658 911 1718 Ecclesia
929 1659 1061 1734 probola,

57 1746 147 1820 quiain
165 1745 288 1821 reliquis
301 1763 362 1805 non
372 1745 589 1818 essentialibus
610 1746 664 1805 sed
677 1747 909 1806 accidentalibus
920 1747 994 1808 ritus
1009 1765 1063 1808 ex·

57 1836 222 1896 ternicultus
241 1835 362 1894 suntab
382 1835 513 1894 Ecclesia
535 1833 658 1895 instituti
673 1841 723 1908 (t).
748 1837 834 1894 Solus
854 1841 933 1911 Papa
946 1835 977 1894 in
997 1837 1064 1897 uni-

57 1940 126 1984 versa
138 1923 270 1985 Ecclesia
278 1923 453 1998 liturgiam,
474 1924 647 1984 moderatur
660 1939 714 1998 per
728 1940 770 1996 se,
792 1925 840 1984 vel
863 1941 917 2000 per
937 1930 968 1984 S.
987 1930 1064 1986 Cou-

58 2012 244 2089 gregationem
273 2011 401 2084 Ritunm,
430 2029 498 2087 quae
524 2011 554 2070 in
578 2012 635 2071 hac
659 2027 693 2070 re
718 2010 750 2069 in
779 2017 842 2071 toto
875 2012 948 2071 orbe
974 2012 1065 2072 habet

58 2102 220 2162 ordinariam
240 2107 271 2161 et
292 2099 493 2176 Apostolicam
513 2105 701 2175 potestatem.
723 2100 805 2158 Unde
827 2099 965 2184 Episcopi
985 2101 1065 2160 inde

58 2192 206 2263 pendenter
219 2207 237 2249 a
252 2194 341 2264 Papa,
364 2189 413 2248 vel
432 2190 470 2246 ab
493 2189 598 2248 eadem
612 2193 640 2247 s.
656 2187 890 2264 congregatione
904 2187 1065 2263 Liturgiam

59 2287 168 2354 mutare,
191 2285 244 2338 aut
264 2293 374 2337 novam
398 2276 552 2336 instituere
582 2292 642 2335 non
664 2281 801 2351 possunt,
826 2281 859 2333 ut
879 2274 910 2334 in
934 2275 1064 2336 Concilio

59 2368 210 2429 tridentino
232 2367 387 2428 definitum
411 2364 578 2440 reperimus
603 2369 653 2438 (5).
674 2363 818 2439 Praecipui
849 2362 916 2422 libri
937 2363 1065 2440 liturgici

59 2464 126 2517 aunt:
141 2457 256 2517 llissale
278 2458 329 2528 (6),
349 2454 529 2514 breviarium
549 2457 599 2526 (7),
620 2451 861 2527 llartyrologium
877 2455 928 2526 (8),
944 2453 1064 2512 Pontifi-

59 2547 110 2607 calc
123 2550 173 2620 (a),
189 2543 399 2606 caeremoniale
414 2543 629 2620 Episcoporum
645 2545 714 2617 (ld),
732 2549 762 2601 et
776 2542 889 2602 Rituale
904 2545 974 2615 (ll).
1044 2611 1046 2618 Ι

83 2700 113 2765 (l)
125 2701 146 2752 1.
160 2701 236 2751 Petr.
260 2699 285 2750 2.
305 2725 335 2734 -
356 2697 391 2762 (t)
409 2695 451 2747 Ad
474 2695 560 2747 Hebr.
582 2695 605 2745 7.
625 2721 656 2732 ·-
669 2695 705 2760 (3)
719 2695 784 2758 Gap.
804 2693 823 2744 l.
838 2695 871 2746 de
885 2693 960 2744 Tria.
976 2699 1002 2745 et
1018 2695 1064 2746 fld.

60 2772 117 2821 cath.
130 2799 157 2808 -
174 2772 206 2834 tt)
223 2769 344 2833 liturgia
356 2767 495 2820 catholicae
505 2767 642 2831 religionis
653 2779 712 2816 eam
722 2765 833 2816 mirifice
843 2765 961 2830 adjuvat,
973 2768 1065 2832 cujus-

60 2854 102 2905 que
114 2844 191 2894 etlam
214 2841 339 2906 dogmata
356 2839 490 2904 exprimit,
507 2843 587 2904 atque
602 2838 776 2896 demonstrat,
792 2849 845 2900 quo
860 2837 1064 2887 demonstratio-

59 2913 93 2964 nis
102 2914 185 2966 medio
200 2913 286 2964 sancti
297 2911 401 2968 Patres,
411 2913 436 2961 et
448 2911 575 2961 Doctores
586 2908 629 2960 usi
642 2910 705 2958 sunt
716 2921 721 2954 :
734 2907 805 2958 unde
817 2907 979 2958 Coelastinus
991 2908 1067 2972 Papa

61 2983 92 3033 sic
108 2985 214 3036 aiebat:
235 2980 328 3047 Lepem
341 2981 471 3032 credendi
492 2979 534 3032 lec
552 2980 648 3032 statuit
668 2977 849 3044 supplicandi,
864 2980 944 3044 epist.
957 2977 991 3028 ad
1006 2977 1066 3029 Gal.

61 3055 127 3117 episc.
142 3071 164 3107 c.
182 3055 220 3107 tl.
238 3055 272 3106 ll.
288 3054 373 3104 Bouix
395 3053 429 3103 de
449 3057 505 3116 jur.
529 3051 621 3114 liturg.
645 3063 670 3114 p.
697 3050 719 3100 1.
741 3065 764 3100 c.
790 3047 813 3100 l.
829 3050 841 3112 ἒ
855 3051 879 3100 2.
902 3063 977 3114 prop.
998 3049 1022 3099 l.
1037 3074 1066 3085 -

61 3125 88 3189 (5)
100 3127 158 3179 Cau.
172 3128 210 3179 13.
224 3138 292 3177 sess.
307 3125 331 3176 t.
347 3124 504 3188 antiquitus
519 3121 638 3187 episcopi
652 3135 685 3172 ex
700 3123 789 3184 tacita,
801 3121 843 3171 rel
854 3133 983 3185 expresse
993 3133 1066 3170 sum·

61 3209 149 3250 nomm
161 3197 323 3250 Pontificum
338 3195 510 3256 concessione
532 3194 560 3244 in
575 3193 683 3258 liturgia
696 3191 836 3258 dirigenda
853 3192 880 3241 in
903 3191 959 3241 suis
976 3204 1066 3256 respe-

63 3267 116 3321 ctive
131 3268 296 3322 dioecesibus
315 3277 440 3332 magnam
464 3265 618 3316 habuerunt
630 3267 749 3330 partem
765 3263 811 3315 sed
825 3275 885 3313 cum
899 3261 950 3312 hoc
963 3264 1069 3327 egerint

63 3352 85 3388 ar
97 3341 271 3406 delegatione,
286 3342 313 3390 et
334 3351 389 3388 non
410 3339 472 3402 Jure
496 3334 548 3386 sihi
568 3336 686 3401 proprio,
703 3335 771 3384 nllril
785 3348 818 3384 ex
832 3347 863 3384 eo
878 3332 968 3396 colligi
980 3336 1070 3397 potest

63 3416 136 3465 cantra
149 3424 308 3480 supremam
331 3409 359 3459 in
383 3407 491 3472 liturgia
514 3421 679 3458 summorum
700 3406 858 3456 Pontificum
873 3404 1059 3455 auctoritatem

62 3480 191 3551 Propterea
201 3499 217 3538 a
226 3495 293 3536 vero
304 3481 382 3546 longa
393 3479 528 3543 aberrant,
540 3478 586 3545 qui
598 3481 758 3544 potestatem
775 3477 802 3527 in
817 3475 954 3541 liturgiam
968 3477 1069 3528 nedum
