2490 4088
601 211 759 267 -tro-

161 340 363 412 apostatarum
378 349 469 408 poena
484 331 654 392 extenditur
670 331 708 390 ad
721 347 826 391 eorum
842 336 1027 405 receptores,
1042 331 1186 403 fautores,
1234 315 1235 390 1

159 430 190 482 et
202 423 385 493 defensores,
398 437 457 480 uec
471 437 532 480 non
546 420 584 478 ad
601 420 678 479 lilios
690 419 900 478 baereticorum
914 436 1011 494 usque
1025 418 1064 478 ad
1080 434 1188 478 secun-

159 509 229 570 dam
242 507 473 585 generationem,
491 509 517 568 si
531 507 644 568 crimen
665 508 695 566 in
716 514 801 584 patre
820 507 983 583 contingat,
1005 508 1053 566 vel
1066 505 1107 566 ad
1127 506 1188 583 pri·
1234 521 1235 616 p

160 615 240 659 mam
253 603 369 658 tantum
379 596 613 673 generationem,
629 595 655 655 si
669 596 785 656 crimen
803 597 955 671 contingat
971 595 1001 667 in
1014 602 1124 670 matre,
1139 594 1188 655 ubi

61 677 69 686 ”
159 685 217 761 ipsi
230 691 370 762 parentes
383 684 550 746 incrimine
563 685 682 746 notorio
695 683 903 756 decesserint(
922 690 944 758 ).

190 849 305 916 (1)(1111.
323 851 362 913 32,
379 850 442 903 dist.
463 851 502 903 50.
514 879 545 888 -
558 851 594 915 (1)
608 851 671 916 Cap.
689 851 705 900 2
724 851 751 900 et
764 848 795 900 15
813 847 847 902 de
866 849 961 902 haeret.
979 849 1007 900 in
1020 849 1044 900 6.
1060 849 1189 901 Dubitari
1234 793 1235 846 1

161 925 259 987 potest,
270 937 306 973 an
316 923 482 989 irregulares
493 923 546 974 sint
558 922 616 985 lilii,
629 922 676 988 qul
685 922 742 973 nati
752 926 816 974 sunt
826 936 860 974 ex
869 921 1008 973 catholicis
1018 921 1188 987 parentibus,

160 994 206 1059 qui
220 997 314 1060 postea
329 995 357 1044 in
373 995 509 1058 haeresim,
520 994 563 1046 vel
576 994 740 1061 apostasiam
755 993 921 1044 inciderunt?
932 993 1029 1044 Plures
1043 992 1187 1051 affirmant,

160 1064 231 1131 quod
246 1061 362 1116 canones
376 1079 408 1116 aa
421 1079 502 1130 prena
515 1065 634 1116 afficiant
648 1064 719 1115 lilios
738 1064 937 1126 haereticorum,
953 1065 1048 1128 quales
1062 1069 1129 1114 sunt
1142 1063 1189 1113 lilii

159 1137 217 1187 nati
230 1139 286 1187 tam
300 1143 372 1200 ante,
388 1151 470 1202 quum
489 1139 550 1202 post
570 1135 707 1186 haeresim.
724 1135 824 1186 Contra
844 1149 907 1187 varo
927 1135 973 1186 alii
994 1137 1107 1200 negant,
1127 1135 1189 1200 quia

135 1251 137 1256 .
159 1208 252 1258 mitius
266 1206 310 1259 lex
323 1209 440 1274 poenalis
454 1213 495 1260 est
508 1206 721 1272 interpretanda.
734 1207 795 1259 Nati
809 1207 881 1258 enim
896 1211 957 1258 ante
970 1206 1110 1268 haeresim,
1125 1207 1189 1258 etin

161 1280 291 1344 religione
306 1279 436 1331 catholica
450 1279 589 1345 baptizati,
605 1278 674 1343 ipsis
687 1278 777 1330 adhuc
799 1278 938 1330 catholicis
952 1278 1113 1345 parentibus
1126 1276 1188 1328 ofle-
1234 1283 1235 1344 (

161 1351 293 1415 rentibus,
310 1363 364 1402 non
378 1350 504 1402 videntur
526 1349 627 1401 debere
648 1349 758 1416 aspergi
777 1349 901 1418 sequenti
914 1352 1059 1415 parentum
1071 1347 1186 1402 macula.
1234 1347 1235 1416 l

161 1422 240 1474 Card.
251 1422 342 1489 Soglia
356 1422 423 1474 Inst.
434 1423 490 1488 jur.
505 1421 575 1488 priv.
589 1418 602 1488 1
615 1420 654 1474 69.

1234 1555 1235 1602 1

194 1631 257 1686 llll.
275 1628 358 1686 Circa
371 1629 562 1690 Sacramenta
575 1623 716 1685 delictum
729 1625 945 1702 irregularitate
958 1632 1095 1686 notatum
1110 1641 1187 1686 com-

159 1715 285 1779 mittitur
298 1715 394 1788 abeo,
406 1713 529 1791 quisine
543 1714 730 1789 necessitate,
745 1715 819 1775 etin
833 1715 934 1775 adulta
947 1722 1033 1775 aetate
1045 1715 1083 1774 ab
1098 1716 1187 1776 haere

159 1805 218 1864 tico
241 1803 421 1879 baptismum
445 1802 553 1878 recipit
575 1807 627 1876 (1),
656 1802 707 1880 qui
725 1804 800 1864 adeo
818 1804 958 1881 baptismi
982 1805 1187 1880 receptionem

159 1892 267 1966 differt,
291 1898 325 1950 ut
345 1897 460 1951 tantum
480 1890 509 1949 in
530 1889 663 1966 periculo
685 1893 863 1964 infirmitatis
884 1893 1051 1970 baptizetur
1068 1898 1122 1967 (1),
1138 1892 1187 1970 qui

158 1982 288 2041 scienter
306 1980 468 2056 rebaptizat
487 1985 539 2053 (3),
555 1979 605 2055 qui
621 1981 749 2042 scienter
770 1982 964 2059 rebaptizanti
978 1983 1184 2056 ministerium,

158 2071 206 2131 vel
229 2068 427 2138 assistentiam
450 2069 782 2144 praeseminatum
811 2071 848 2131 sit
870 2071 1025 2148 publicum
1052 2075 1104 2144 (1).
1122 2076 1185 2131 Non

159 2166 257 2219 tamen
271 2164 432 2234 propterea
452 2157 500 2217 ille
520 2157 665 2217 dicendus
687 2157 744 2218 erit
766 2158 949 2235 irregularis,
972 2159 1022 2234 qui
1039 2166 1110 2236 post
1123 2159 1185 2220 dili-

157 2264 231 2324 gens
262 2252 293 2306 et
320 2251 494 2308 accuratum
520 2233 653 2306 examen'
671 2247 750 2307 circa
778 2247 959 2308 validitatem
983 2249 1185 2309 antecedentis

156 2335 306 2412 baptismi,
323 2333 431 2394 dubius
444 2334 482 2394 de
501 2334 606 2394 eadem
623 2334 837 2397 rationabiliter
850 2353 984 2411 manens,
1006 2337 1184 2412 baptismum

158 2424 213 2484 sub
228 2422 398 2484 conditione
409 2423 517 2482 iterum
531 2423 570 2483 ad
581 2423 708 2482 formam
719 2423 795 2499 juris
807 2427 923 2486 confert
936 2430 987 2499 (5).

192 2513 291 2575 Simile
305 2529 424 2588 quoqne
445 2511 586 2572 delictmn
606 2512 801 2573 committitur
814 2514 913 2589 abrec,
930 2515 981 2590 qui
994 2515 1117 2575 ordines
1136 2532 1184 2576 re·

157 2601 229 2677 cipit
242 2601 434 2678 abepiscopo
448 2599 599 2673 haeretico,
616 2600 816 2674 schismatico,
839 2603 1012 2678 simoniaco,
1026 2619 1183 2679 suspenso,

157 2696 208 2750 ant
228 2689 498 2772 excommunicato,
520 2691 568 2750 vel
596 2688 633 2748 ab
659 2689 817 2766 Episcopo,
841 2690 892 2766 qul
910 2691 984 2762 sedi,
1004 2699 1034 2751 et
1051 2692 1184 2768 dignitati

98 2819 102 2824 -
160 2778 322 2856 episcopali
336 2777 523 2838 renunciavit
540 2781 590 2851 (6),
607 2778 658 2854 qui
675 2779 796 2838 ordines
817 2778 924 2840 furtive
945 2780 1051 2856 recipit
1065 2785 1121 2854 (7);
1135 2781 1184 2857 qui

157 2867 279 2929 ordines
304 2866 411 2943 recipit
435 2885 489 2944 per
511 2869 616 2927 saltem
638 2871 688 2940 (8),
714 2867 816 2944 quiin
842 2869 983 2929 clericatu
1006 2871 1183 2930 constitutus

157 2964 258 3018 actum
281 2955 410 3029 ordinis,
428 2972 517 3032 quem
533 2973 595 3015 non
618 2956 717 3030 habet,
744 2957 916 3017 solemniter
936 2965 1058 3019 exercet
1081 2962 1132 3034 (9),
1155 2964 1183 3019 et

153 3046 205 3123 qni
229 3046 350 3129 demum
378 3061 506 3104 censura
530 3044 660 3104 irretitus
681 3046 729 3104 rel
754 3045 876 3104 ordines
901 3045 1026 3123 suscipit
1053 3051 1124 3122 (lo),
1138 3047 1182 3106 vel

154 3133 273 3195 ordines
287 3140 405 3193 exercet
419 3140 531 3192 temere
544 3133 683 3193 violando
700 3150 866 3208 censuram,
883 3151 991 3210 nempe
1010 3153 1183 3196 excommu-

153 3221 334 3283 nicationem
352 3222 497 3296 maiorem
520 3226 589 3296 (11),
608 3223 653 3283 tel
668 3222 897 3298 suspensionem
912 3227 981 3298 (la),
998 3226 1046 3284 vel
1063 3223 1181 3286 interdi-

156 3318 238 3372 ctum
251 3312 410 3388 personale
424 3314 493 3384 (13),
511 3312 560 3371 vel
575 3310 765 3372 interdictum
777 3313 873 3374 locale
887 3315 956 3385 (11).

185 3461 221 3525 (1)
236 3461 299 3512 Gan.
319 3460 357 3522 18,
373 3473 397 3510 c.
411 3459 434 3522 1,
449 3472 474 3524 q.
494 3459 504 3509 1
520 3461 547 3510 et
559 3457 597 3509 ib.
611 3458 701 3511 Gloss.
714 3459 790 3510 verb.
806 3473 855 3526 per
868 3473 975 3512 manua.
990 3488 1018 3496 -
1035 3461 1070 3526 (1)
1083 3462 1147 3513 Can.
1160 3460 1181 3511 1.

153 3531 216 3584 dist.
234 3533 273 3582 57.
290 3559 321 3569 -
335 3532 370 3595 (3)
385 3531 451 3582 Can.
465 3530 505 3589 65,
519 3529 581 3580 dist.
593 3529 632 3580 50.
649 3557 670 3568 ·-
682 3529 717 3594 (l)
732 3530 797 3595 Gap.
811 3531 826 3580 2
841 3531 875 3581 de
886 3531 982 3598 Apost.
996 3558 1028 3569 -
1043 3533 1078 3596 (5)
1092 3533 1182 3598 Capi

154 3603 188 3688 de
199 3603 298 3670 baptis.
313 3601 415 3654 Beseda
428 3601 504 3666 XIV,
518 3599 585 3654 Inst.
600 3601 685 3660 dle-2
699 3601 734 3666 (6)
746 3601 811 3667 Cep.
830 3603 850 3661 l,
872 3603 906 3654 de
921 3601 986 3656 Ord.
1002 3603 1037 3655 ab
1056 3603 1181 3670 epis.·qui
