2490 4088
413 61 625 154 ⁵-er-

47 218 112 268 nme
124 219 150 269 si
161 218 195 270 sit
206 218 421 284 immemor-iulis,
437 231 499 284 quae
520 219 666 272 assimilari
678 222 767 288 potest
779 220 931 286 privilegio.
956 221 985 272 Si
1002 233 1067 274 vero

47 289 242 342 immemorulis
254 303 308 341 non
326 291 371 353 sit,
386 289 522 342 sufficiunt
537 291 677 356 oleusulae,
691 305 753 357 quae
770 305 843 358 saepe
858 293 886 344 in
899 293 1005 358 legibus
1021 307 1065 346 oo·

46 359 197 412 elesistiois
210 361 396 424 inveniuntur,
409 364 442 414 ut
456 367 498 414 est
513 361 608 414 :nulio
622 361 741 418 obstante
756 364 946 418 consuetudine
960 364 991 416 io
1004 377 1064 418 ooo·

46 430 160 483 tretium
173 445 182 496 ;
196 433 239 484 vel
253 433 414 497 simpliciter
431 453 437 484 ι
451 433 527 486 nullo
540 433 660 487 obstante
672 434 870 490 consuetudine.
888 435 1066 490 Reiffeustuel

48 499 77 552 tle
91 507 209 555 eonsuet.
222 517 251 554 n.
267 504 324 556 183.

401 971 606 1054 TITULUS
633 972 711 1052 vll.

452 1211 488 1256 ou
507 1211 652 1257 runsouus.
740 1261 751 1278 ,

58 1388 203 1442 Surum:
220 1391 261 1442 60.
276 1389 336 1450 Quid
348 1391 424 1442 veniat
437 1391 530 1443 nomine
543 1391 668 1458 personui
683 1419 713 1430 -
729 1392 769 1444 ot.
783 1391 893 1456 obligatio
909 1392 1020 1444 laieorum
1037 1390 1067 1444 ad

84 1476 153 1514 suoros
164 1477 263 1514 senones
276 1463 440 1516 obsenaodos.
453 1491 484 1501 -
492 1465 531 1515 63.
542 1463 604 1515 Letoi
616 1467 733 1529 noqueunt
741 1464 863 1530 spiritualia
872 1465 949 1515 munia
958 1467 1066 1514 traetare.

85 1534 169 1657 &⁰634
182 1535 268 1586 Divisio
290 1534 432 1587 uentorum.
452 1562 484 1574 -
505 1534 545 1586 65.
566 1535 609 1595 Qui
630 1535 758 1586 releruntur
778 1534 808 1586 ul
830 1535 925 1588 oleriuo
946 1535 1070 1601 improprie
1094 1613 1096 1616 Ι

89 1765 127 1820 60.
141 1767 208 1822 ture
219 1761 298 1822 oiuili
308 1767 519 1837 Romanorum,
535 1767 664 1822 Persona
674 1767 720 1822 est
732 1762 823 1822 homo
833 1778 902 1824 eum
917 1779 972 1823 suo
980 1762 1071 1824 liber-

62 1851 118 1910 tatis
127 1857 203 1910 statu
217 1850 434 1924 consideratus,
448 1852 510 1912 sive
526 1858 571 1912 est
584 1852 759 1912 liberhonro
775 1869 894 1912 eseruo
908 1853 952 1920 sio
966 1853 1071 1914 distin-

64 1946 125 2012 ctus,
146 1941 195 2016 qui
213 1957 271 2000 nee
283 1939 460 2012 libertatem,
480 1957 536 1999 neo
549 1957 709 2015 personam
723 1941 822 2000 hahet.
838 1947 908 2001 lore
924 1943 1070 2004 eenonioo

65 2028 511 2105 untiquo‚Personarumnomiue
519 2029 698 2104 quandoque
708 2029 947 2105 intelligebantur
954 2038 1071 2094 tentum

65 2119 174 2192 majores
187 2117 264 2176 inter
279 2117 405 2176 elericos
416 2122 469 2190 (l);
486 2135 525 2177 ex
539 2135 599 2193 quo
611 2125 695 2176 ortus
710 2124 755 2177 est
765 2119 957 2193 Persouotue,
976 2119 1071 2196 quiin

66 2206 116 2263 solo
126 2222 260 2281 personae
273 2205 482 2264 ecclesiastice
494 2205 619 2278 honore,
640 2205 702 2265 siue
716 2205 938 2282 praeeminentio
958 2208 1071 2282 absque

65 2294 156 2367 officio,
176 2300 205 2353 et
216 2293 419 2368 iurisdictione
446 2293 589 2353 consistit.
606 2302 641 2353 At
659 2294 733 2354 inde·
749 2311 807 2353 usu
825 2294 937 2354 factum
957 2303 1019 2370 est,
1039 2302 1072 2356 ot

59 2387 183 2466 ‘Personae
210 2383 330 2442 nomine
352 2383 474 2460 quilibet
491 2381 775 2459 intelligeturhomo
801 2383 864 2442 sine
885 2384 1072 2445 distinetione

65 2469 126 2533 inter
136 2475 261 2534 liberum
277 2479 307 2532 et
320 2488 451 2544 servum,
479 2473 557 2532 inter
576 2475 719 2549 maiorem
735 2480 765 2532 et
778 2472 925 2532 minorem
942 2493 948 2532 ς
965 2481 994 2533 et
1006 2475 1072 2550 qui·

66 2559 120 2620 deur
131 2568 219 2636 reete,
234 2563 376 2638 munium
389 2563 599 2638 unusquisque,
619 2562 818 2637 quodcumque
835 2559 928 2637 suerit
951 2562 1071 2632 bouum,

67 2646 107 2706 boe
119 2652 228 2726 recipiet
241 2668 261 2709 o
275 2650 413 2723 bertuino,
430 2650 489 2709 sive
503 2667 614 2724 seruus,
632 2651 690 2710 sive
706 2650 823 2710 liber...
839 2659 865 2710 et
875 2668 1073 2727 personarum

68 2741 297 2814 ueeptiououest
311 2740 390 2814 oeteo
403 2739 498 2799 Deum
508 2743 559 2812 (t).
645 2819 653 2826 ¹

93 2886 122 2951 ll)
132 2887 196 2940 Cen.
217 2889 241 2953 4,
256 2900 279 2939 o.
295 2887 317 2949 l,
328 2901 354 2953 q.
370 2887 394 2938 3.
408 2913 439 2924 -
452 2885 488 2951 (2)
502 2887 534 2938 D.
549 2887 652 2937 Paulus
665 2885 699 2936 ed
713 2885 814 2950 Ephes.
829 2900 853 2937 o.
865 2885 890 2936 6.

96 3057 132 3112 u.
157 3061 243 3114 iuxta
266 3059 374 3114 Sacros
398 3071 529 3114 oenones
555 3071 692 3130 personae
713 3053 804 3113 dividi
828 3059 954 3129 possunt
975 3072 981 3113 :
999 3055 1073 3114 t⁰in

71 3139 157 3212 tutelo,
174 3149 203 3202 et
215 3144 356 3218 infideles.
372 3143 486 3202 Fideles
498 3149 654 3213 vocantur,
670 3142 721 3219 qui
735 3160 790 3218 per
808 3145 960 3203 lavacrum
975 3143 1072 3219 Bapti-

72 3231 153 3290 snatis
171 3234 292 3291 fuerunt
312 3233 351 3290 ad
371 3246 481 3290 novom
504 3231 610 3291 Christi
622 3231 713 3290 vitam
727 3231 893 3306 regenerati
909 3249 917 3303 3
936 3232 1074 3291 infideles

72 3331 136 3391 uero,
149 3321 198 3395 qui
211 3323 275 3380 sine
285 3320 462 3396 Baptismate
478 3327 563 3379 entra
577 3319 738 3379 Ecclesiam
749 3321 833 3394 Juxta
846 3321 927 3394 leges
941 3320 1074 3395 gentium

71 3404 164 3481 urunt,
185 3409 295 3484 quique
314 3414 474 3484 propterea
493 3409 532 3468 ed
557 3407 653 3484 ipsam
675 3410 843 3468 nullatenus
866 3407 1026 3484 pertinent,
1041 3415 1074 3469 ut

72 3501 126 3555 sunt
137 3497 259 3571 Hebraei,
272 3503 302 3558 et
314 3496 438 3574 Pagani3
453 3501 484 3556 2⁰
496 3496 527 3556 in
543 3497 669 3572 elericos,
686 3502 716 3556 et
732 3497 829 3572 luteos,
844 3502 874 3556 et
888 3497 952 3558 hoec
966 3497 1073 3575 praeoi·
