2490 4088
492 147 636 208 ...51-

64 283 182 336 mmruum
197 271 309 322 interest
322 271 392 326 inter
405 272 549 337 utramque
567 269 739 320 traditionem
752 269 895 320 discrimen
907 281 984 320 :nam
995 269 1086 320 divina

65 341 165 406 repicit
187 341 302 406 dogma,
314 342 478 392 universalis
499 348 526 392 et
546 341 725 393 immutabilis
744 343 794 405 est,
814 339 937 406 nullique
958 341 1085 392 humanae

63 407 179 473 potestati
194 412 320 474 obnoxia,
334 414 397 463 licet
413 413 447 464 ad
469 413 593 464 ecclesiae
610 413 797 477 magisterium
820 413 954 478 pertineat
967 425 1026 464 eam
1042 412 1084 462 in·

24 481 27 488 '
57 484 205 546 terpretari,
224 489 250 534 et
267 483 382 534 delinire
401 498 436 533 an
461 485 553 534 divina
575 486 619 546 sit,
632 497 682 534 nec
696 497 748 544 ne;
767 483 884 534 humana
897 497 959 535 vero
974 482 1086 548 respicit

65 551 237 617 disciplinam,
257 569 318 606 esse
335 559 425 620 potest
445 554 628 619 particularis,
645 557 673 605 et
693 555 731 604 ita
744 553 883 604 mutabilis
898 557 949 612 ast,
962 559 992 605 ut
1002 555 1086 619 justis

65 624 191 676 decausis
206 630 290 691 queat
303 627 438 690 abrogari.
455 626 533 677 Cerd.
544 625 636 690 Soglia
650 625 684 676 ad
698 625 856 676 traditiones
866 626 972 677 divinas
987 627 1021 677 ab
1033 626 1083 676 bu-

63 695 139 745 manis
153 695 361 761 distinguendas
374 703 519 761 sequentes
533 697 654 762 assignat
675 696 802 760 regulas:
820 697 843 747 1·
860 696 979 748 Traditio
994 697 1086 748 divina

65 771 105 828 est,
118 767 139 817 si
153 769 214 831 ejus
229 769 344 818 materia
361 769 394 818 ad
411 768 491 820 fldem
506 767 647 832 pertineat,
664 768 729 834 quia
750 767 817 818 fides
833 769 920 818 solum
936 770 1084 820 11666666-

64 843 153 888 ctorem
170 838 265 890 habet.
279 840 305 888 1·
320 841 426 890 Pariter
436 839 544 890 traditio
555 839 648 896 divina
661 843 711 898 est,
723 839 746 889 si
761 839 797 890 sit
810 853 904 890 earum
920 854 1009 891 rerum
1023 853 1086 906 quae

65 907 198 966 humanam
212 915 373 976 potestatem
396 916 533 977 superant,
548 901 639 975 qualis'
654 925 696 961 ex.
717 924 757 974 gr.
772 914 814 961 est
831 911 945 961 materie
960 915 986 962 et
999 912 1085 962 forma

66 983 294 1044 sacramentorum,
321 981 384 1046 quia
404 984 572 1033 sacramenta
593 995 609 1032 a
632 981 689 1032 solo
713 981 768 1030 Deo
794 980 898 1032 institui
923 987 1081 1047 potuerunt.

66 1047 86 1096 t·
99 1050 139 1100 Sic
160 1053 246 1102 etiam
268 1051 377 1104 traditio
398 1053 490 1104 divina
509 1059 558 1115 est,
581 1052 694 1118 siquod
714 1051 911 1118 praecipitant
932 1053 1034 1112 statuit,
1057 1053 1085 1104 id

67 1123 252 1173 consentientes
274 1123 344 1173 inter
365 1137 395 1174 se
416 1123 513 1174 Patres
534 1131 672 1189 tamquam
692 1126 851 1174 oretenuse
874 1122 990 1187 Christo,
1010 1123 1085 1175 vela

67 1190 155 1255 Spiritu
170 1193 271 1244 Sancto
285 1193 423 1252 dictatum,
435 1194 580 1259 Apostolos
596 1192 740 1244 tradidisse
757 1195 895 1256 testantur,
907 1197 953 1244 aut
965 1194 992 1245 id
1007 1208 1086 1258 gene·

68 1262 134 1312 ratim
147 1263 284 1315 affirment
298 1265 332 1316 ad
351 1271 520 1331 praeceptum
539 1265 668 1324 divinum,
684 1265 742 1314 siva
755 1263 789 1314 ad
804 1265 923 1314 dianam
936 1265 1084 1316 institutio·

68 1345 119 1382 nem
135 1336 292 1399 pertinere:
319 1336 539 1402 quandoquidem
558 1336 644 1387 sancti
665 1337 762 1386 Patres
782 1339 844 1385 sunt
864 1335 979 1398 legitimi
1003 1338 1085 1387 testes

70 1401 208 1457 divinarum
223 1407 407 1458 traditionum.
423 1408 448 1458 l·
462 1407 587 1472 Quidque
600 1406 718 1471 denique
732 1406 852 1456 Ecclesia
864 1411 1001 1471 tamquam
1015 1405 1084 1457 divi·

70 1475 128 1525 uitus
143 1477 271 1528 traditum
283 1479 418 1536 observat,
428 1485 474 1528 aut
484 1478 571 1540 docet,
579 1491 630 1528 nec
641 1479 668 1528 in
678 1477 763 1528 sacris
775 1477 871 1528 littaris
882 1481 962 1536 extet,
974 1477 1085 1530 minime

72 1544 236 1600 dubitandum
251 1554 301 1612 est,
314 1550 380 1615 quin
394 1551 429 1600 sit
446 1549 542 1600 divinae
559 1549 696 1600 traditioni
712 1547 899 1599 tribuendum:
914 1548 1084 1613 nequeenim

71 1615 176 1671 Ecclesia
193 1621 327 1672 catholica
342 1621 386 1671 his
400 1621 428 1670 in
442 1621 522 1672 rebus
536 1634 628 1672 errare
644 1624 741 1687 potest.
757 1619 823 1670 Inst.
834 1619 894 1670 tur.
908 1620 973 1685 pub.
985 1618 998 1686 d
1010 1619 1050 1671 10.

99 1807 137 1861 55.
152 1805 343 1865 consuetodo
355 1805 460 1879 estjam
474 1822 536 1864 oon
549 1805 703 1880 scriptura,
719 1813 745 1864 ct
758 1803 889 1864 6666116(
900 1805 1084 1880 institutum,

73 1894 133 1964 quod
143 1911 198 1970 pro
213 1893 271 1968 iope
283 1893 452 1968 suscipitur.
462 1893 652 1954 consuetodo
664 1899 734 1968 post
745 1895 842 1969 legem
857 1894 1021 1954 naturalem
1035 1893 1086 1952 ini-

74 1980 132 2040 tium
144 1982 244 2055 sumit,
257 1999 295 2065 err
310 1999 369 2057 quo
382 1982 518 2041 homines
532 1982 563 2040 in
577 1998 672 2040 unum
686 1979 897 2041 convenientes
909 1981 1085 2058 inceperunt

74 2068 146 2130 simul
166 2070 310 2130 habitare.
334 2069 435 2129 Differt
449 2089 466 2128 a
479 2073 545 2146 lege
570 2069 691 2144 scripta,
709 2069 776 2144 quia
790 2071 854 2129 haec
870 2073 1085 2145 promulgatur,

75 2155 111 2214 illa
130 2176 201 2218 vero
222 2156 365 2237 paulatim
392 2157 541 2217 obtinetur
565 2175 602 2216 ex
617 2157 706 2216 tacita
720 2156 872 2232 Principis,
891 2163 921 2216 et
942 2174 1086 2234 expressa

74 2247 158 2319 populi
173 2245 381 2306 consensione.
401 2245 503 2308 niffen
516 2263 533 2302 a
546 2242 714 2317 traditione,
737 2245 806 2320 quia
819 2245 884 2303 haec
898 2245 997 2304 statim
1011 2245 1085 2305 obli-

75 2341 122 2408 gat,
141 2342 170 2395 ct
190 2335 237 2410 jus
256 2334 410 2409 antiquum
428 2333 583 2410 supponit,
600 2333 649 2393 illa
665 2350 738 2392 vero
754 2351 814 2393 non
836 2333 955 2408 obligat,
976 2333 1032 2392 nisi
1049 2332 1086 2394 sit

75 2419 187 2496 legitime
208 2421 391 2497 praescripta,
407 2429 436 2481 et
453 2424 501 2496 jus
514 2437 626 2480 novum
639 2420 809 2480 introducit.
821 2421 921 2480 Differt
934 2421 1055 2481 demum
1068 2440 1087 2482 a

76 2509 284 2584 prescriptione
294 2509 428 2584 pluribus
440 2510 548 2583 modiS,
561 2527 597 2568 66
615 2509 790 2584 praesertim,
808 2509 877 2584 quia
893 2510 958 2568 haec
975 2510 1013 2568 ab
1033 2510 1085 2570 ali-

77 2598 167 2666 quibus
192 2598 361 2657 hominibus
377 2599 505 2657 formata
522 2600 571 2674 Jus
593 2597 690 2656 reddit
706 2597 900 2671 particulare,
920 2595 968 2656 illa
982 2615 1086 2658 veroa

77 2690 170 2761 popdo
183 2687 353 2747 introducta
360 2688 409 2762 jus
424 2689 563 2770 generale
576 2685 747 2758 constituit(
767 2688 787 2756 ).

104 2776 284 2836 Consuetudo
309 2775 340 2834 in
367 2775 533 2852 ponerotern
563 2783 593 2834 et
617 2773 831 2850 particularem
859 2773 948 2833 dividi
975 2779 1083 2849 potest.

77 2859 157 2922 ana
171 2863 263 2923 instar
280 2863 354 2938 legis
373 2871 417 2923 est
430 2862 615 2935 universalis,
631 2881 650 2921 a
664 2880 722 2938 qua
736 2862 833 2921 differt
848 2869 999 2939 tamquam
1014 2860 1085 2921 taci-

77 2951 126 3010 tum
138 2953 176 3011 ab
190 2969 349 3027 expresso,
366 2953 497 3011 secunda
512 2951 572 3012 vim
586 2952 675 3011 habet
693 2951 793 3010 statuti
810 2951 922 3023 localia,
937 2950 998 3010 sive
1011 2950 1086 3026 legis

76 3041 254 3118 municipalis.
272 3046 396 3116 insuper
409 3040 498 3100 dividi
512 3048 611 3116 potest
623 3041 652 3099 in
668 3040 911 3108 consuetudinem
922 3039 1086 3098 secondum

79 3121 162 3205 tepora,
173 3148 190 3188 6
200 3147 260 3205 qua
271 3129 484 3189 determinatur
496 3129 698 3204 interpretatio
713 3129 769 3204 ipsi
785 3129 841 3203 legi
855 3127 1009 3187 tribuenda
1023 3131 1063 3198 (⁶2)
1075 3145 1083 3200 3

76 3225 165 3284 prater
182 3219 284 3293 tepent,
306 3218 415 3294 quaein
431 3218 476 3276 his
495 3217 612 3277 casibus
632 3217 777 3293 procedit,
797 3217 846 3292 qui
860 3235 878 3275 a
891 3218 958 3292 J'urc
973 3215 1084 3292 scripto

78 3298 154 3364 decisi
169 3324 230 3366 non
245 3313 315 3367 sunt
327 3313 380 3380 (3),
398 3313 427 3366 et
442 3315 544 3366 contro
561 3306 659 3381 tepent,
676 3299 737 3384 qua'
755 3308 805 3365 lex
819 3306 938 3380 scripta,
958 3306 1006 3364 vel
1027 3321 1084 3364 usu

78 3405 126 3452 666
143 3395 293 3470 recipitur,
306 3397 353 3455 vel
366 3402 487 3472 recepta
502 3395 600 3454 denuo
615 3396 831 3470 abrogatum-ct
847 3395 966 3452 tollitur.

102 3539 131 3603 ti)
143 3541 316 3594 Reillenstuel
330 3541 362 3593 de
377 3548 496 3594 consuet.
512 3555 539 3592 n.
559 3541 598 3594 23.
612 3569 638 3580 -
655 3541 689 3607 (t)
704 3541 808 3593 Dicitur
824 3540 905 3594 etiam
918 3533 1082 3617 consuetudo

270 3647 287 3682 1.
943 3629 959 3682 4
