2490 4088
20 133 25 172 l

464 143 607 199 ...31-

48 261 140 321 modas
148 259 281 338 mutuas
294 261 448 334 utilitates,
459 263 505 323 oel
518 264 700 324 necessitates
716 262 859 324 misenen
875 279 937 323 noa
949 279 1053 340 suppe-

50 357 101 409 tcnt
108 349 260 424 sacedotes
278 353 330 422 (t).
353 349 473 412 Tributa
496 351 636 413 dicuntur
654 351 755 422 realia,
775 368 841 427 quae
861 351 1053 427 imponuntur

49 439 156 514 prediis,
170 439 233 499 aive
251 438 310 499 sint
328 440 471 501 solvenda
490 439 661 518 quotannis,
685 446 719 500 ut
730 441 879 516 *impositio
893 441 1052 516 prandetis,
1106 459 1109 464 ·

50 526 135 587 sivein
154 527 356 588 determinatis
380 535 497 589 tautum
519 529 686 602 eventibus,
703 535 736 588 ut
758 537 828 590 teuc
847 530 1051 604 successionls;

47 616 166 676 dicuutur
178 634 196 676 e
209 633 358 677 converso
373 617 551 694 penetralia,
575 633 642 694 quae
655 617 803 693 personis,
819 623 849 678 et
862 633 965 678 earum
980 634 1055 678 con-

50 704 204 766 sideratione
225 705 318 766 rebus
345 705 504 765 mobilibus
527 699 731 782 imponuntur,
754 712 787 765 ut
811 712 856 765 est
882 705 1055 766 eotttrt'butlo

49 793 198 866 pescate,
211 802 239 853 et
251 793 424 854 mobilioris.
436 799 505 854 Haec
515 793 665 870 exemptio
680 811 698 853 a
711 793 826 870 legibus
839 797 1055 870 Imperatorum

51 897 230 955 romanorum,
252 882 439 959 aliorumque
459 883 639 959 Principum,
659 889 689 944 et
711 888 834 958 Regum,
852 882 1054 957 modulatim,

51 971 119 1030 nodo
131 971 260 1031 strictius
274 972 410 1048 probata,
425 973 533 1032 multas
550 978 674 1048 propter
689 971 791 1032 civiles
808 971 891 1046 leges
908 986 997 1046 passa
1010 977 1056 1031 est

52 1059 256 1134 vicissimdines,
275 1059 384 1136 quibus
398 1061 438 1120 ob
456 1061 603 1121 rationem
616 1059 648 1120 in
661 1059 813 1136 praeciteto
828 1057 925 1134 capite
938 1059 1056 1119 allamm

53 1162 246 1222 sepenumero
259 1164 378 1209 morem
391 1147 483 1224 gessit
497 1149 629 1209 Ecclesia
642 1151 693 1221 (i).

34 1269 37 1274 ι
78 1237 165 1297 Clerici
183 1235 431 1314 insuperhabent
446 1236 667 1313 exemptionem
681 1255 699 1296 a
713 1236 839 1313 publicis
852 1234 969 1309 officiis,
992 1233 1056 1296 sive
1107 1221 1111 1232 ’

53 1326 217 1399 ananthon
230 1332 300 1385 uta
321 1325 454 1402 gerendo
476 1325 651 1402 magistratu
676 1324 821 1399 saeculari,
844 1323 875 1382 in
889 1341 948 1400 quo
962 1323 1055 1399 justi·

55 1413 195 1473 tintifiant
209 1417 261 1488 (3).
281 1414 324 1474 ΑΙ)
346 1414 517 1474 exercendo
532 1414 632 1474 officio
651 1413 797 1486 advocati,
814 1419 875 1486 aut,
902 1412 983 1488 quod
1001 1429 1054 1488 pe-

52 1500 88 1572 J'ns
98 1508 146 1575 est,
161 1501 367 1577 procuratoris
379 1501 410 1560 iu
423 1501 520 1561 causis
534 1501 667 1562 civilibus
681 1507 735 1574 (t).
752 1507 775 1562 A
788 1500 943 1562 robnendo
957 1499 1055 1560 officio

54 1589 204 1664 tabellionis,
220 1596 273 1650 aut
285 1589 393 1650 notarii
405 1589 514 1666 publici
528 1594 579 1663 (5).
595 1596 618 1650 Α
632 1590 755 1650 ferendo
769 1588 938 1650 testimonio
952 1605 1056 1648 coram

52 1677 129 1750 judee
140 1679 216 1739 laico
236 1682 288 1752 (6).
310 1678 547 1754 Αειιιιίρίιιιιᾶι,
566 1684 596 1738 et
613 1679 745 1754 gerenda
758 1679 849 1737 tutela
862 1681 913 1752 (t).
938 1681 972 1738 ut
985 1693 1054 1752 pro·

53 1766 167 1828 habilites
175 1768 266 1828 etiam
278 1785 297 1826 a
309 1767 442 1844 gerendo
454 1784 579 1828 munere
592 1765 763 1827 executoris
777 1765 1000 1826 testamentarii.

77 1906 103 1971 (Ι)
116 1908 176 1973 Cap.
192 1907 218 1971 t,
232 1906 267 1958 de
280 1907 394 1959 immun.
420 1907 486 1959 ecel.
509 1909 536 1958 et
555 1920 617 1972 cap.
644 1907 666 1970 l,
689 1910 716 1958 et
741 1906 765 1968 3,
785 1905 844 1958 cod.
864 1908 905 1958 tit.
930 1907 958 1956 in
981 1905 1004 1956 6.
1024 1929 1056 1942 -·

56 1977 80 2039 tt)
90 1977 158 2030 Nunc
168 1975 227 2030 lere
238 1977 340 2042 ubique
356 1977 432 2030 nulla
445 1978 524 2030 datur
538 1978 644 2030 clericis
662 1978 795 2044 exemptio
809 1976 954 2029 atributis.
968 1975 1054 2038 Quam

56 2046 338 2114 beositirrationabile,
363 2053 390 2101 at
415 2049 528 2113 impium
551 2049 750 2101 demonstratur
771 2049 851 2099 etiam
875 2048 910 2098 ab
932 2048 1055 2112 exemplo
1137 2111 1144 2122 ,

54 2116 178 2172 Pharaonis
193 2121 266 2185 ragis
276 2121 386 2182 ethnici,
400 2121 456 2186 qui,
471 2134 532 2172 eum
546 2123 709 2186 opprimeret
725 2121 752 2170 in
763 2120 865 2186 Egypto
879 2117 948 2168 tilios
963 2117 1054 2182 tsrsdi,

55 2193 158 2252 parcebat
171 2197 263 2244 tamen
276 2192 451 2258 presbyteris,
464 2195 492 2242 et
505 2191 654 2258 prophetis,
669 2192 769 2257 quibus
781 2189 942 2255 quaudoque
957 2202 990 2239 ex
1004 2203 1055 2254 pu·

55 2259 107 2312 blico
118 2265 212 2316 aerario
226 2263 350 2315 subsidia
360 2263 450 2315 dabat:
467 2263 592 2328 Phillips.
607 2263 634 2313 d.
648 2263 663 2314 l.
680 2289 711 2300 -
724 2263 761 2328 (3)
775 2261 842 2326 Gap.
857 2261 881 2324 t,
897 2274 931 2311 na
950 2259 1051 2324 clario,

55 2333 84 2382 rel
94 2335 208 2387 monach.
220 2339 272 2386 eto.
288 2360 316 2372 -
331 2335 367 2400 (t)
381 2335 447 2399 Cap.
460 2335 486 2398 2,
500 2333 560 2386 eod.
572 2362 602 2370 —
616 2334 649 2398 (5)
665 2334 728 2401 Cap.
742 2334 765 2397 8,
781 2333 840 2384 eod.
853 2358 884 2369 -
898 2330 931 2395 (6)
944 2331 996 2381 Pro
1006 2331 1055 2381 du·

56 2408 100 2456 cetu
113 2406 247 2460 Ganuensi
260 2407 319 2457 baec
332 2406 484 2471 prescripta
497 2405 634 2457 luerunta
649 2406 696 2456 Pio
707 2405 769 2466 VII,
781 2405 808 2454 in
822 2402 935 2468 epistola
945 2401 973 2452 S.
984 2401 1054 2452 Con-

55 2479 193 2540 negatinis
206 2478 388 2529 Immuuitatis
409 2477 462 2528 diei
482 2477 510 2528 id
530 2477 600 2542 junii
616 2490 659 2528 an.
679 2477 747 2540 1823,
762 2476 796 2528 ad
813 2475 955 2560 episcopos
979 2475 1054 2536 ejus·

55 2543 99 2597 den
111 2548 222 2600 ducatus
234 2548 328 2613 missa,
351 2548 379 2598 in
395 2561 449 2615 qua
465 2548 603 2610 statuitur,
618 2548 773 2600 clericum
766 2561 793 2598 ιιι
809 2549 855 2613 jus
871 2549 995 2596 vocatum
1009 2543 1054 2594 da·
1105 2551 1109 2559 ’

55 2587 544 2686 bereabapisoopopetere,eth1me
568 2618 745 2670 concedare'
738 2633 765 2670 ιιι
790 2617 898 2684 seriptis
922 2616 1055 2666 licentiam

55 2689 167 2742 emittendi
178 2703 270 2742 aorem
279 2691 373 2756 judice
385 2690 453 2742 laico
470 2691 655 2756 J'uramautum
670 2689 702 2741 cle
714 2689 827 2744 ueritate
848 2685 970 2746 ananan
984 2688 1055 2738 tacte

55 2763 132 2818 pctore
143 2775 218 2815 more
232 2761 409 2827 sacerdotali;
426 2762 463 2814 ita
477 2766 567 2813 tamen
580 2767 619 2826 ut,
629 2761 653 2812 sl
667 2761 700 2812 da
711 2775 793 2812 eausa
807 2759 939 2812 criminali
950 2762 1054 2821 agatur,

55 2829 198 2897 adponam
223 2801 430 2898 irregularitatis
457 2831 617 2896 evitandam,
641 2845 768 2904 expressa
790 2831 929 2897 protestat¹
923 2843 948 2880 ιο
910 2827 1001 2879 tab
1024 2841 1055 2878 eo

54 2905 219 2969 rramttatur,
230 2917 260 2956 ss
273 2918 327 2955 non
339 2917 419 2969 agera
433 2904 467 2955 ad
488 2903 634 2955 vindictam
638 2916 747 2967 ,neque
770 2902 804 2954 ad
824 2915 933 2968 paenam
950 2898 1056 2980 saugui-

55 2971 85 3021 nis
97 2975 125 3026 ad
137 2977 252 3026 sormam
265 2976 362 3040 capitis
379 2975 500 3030 Praetutia
515 2975 540 3038 l,
555 2974 589 3026 de
609 2972 752 3026 homicidio
766 2974 826 3024 inb.
852 2973 905 3024 Pro
920 2969 1054 3052 episcopis

54 3043 122 3096 bnon
130 3048 163 3099 ad
175 3047 226 3098 heo
239 3046 365 3114 specialis
375 3047 521 3112 requiritur
534 3013 636 3097 ’sanctae
644 3045 721 3097 Sedis
732 3044 821 3097 licent
802 3050 890 3097 tra—
900 3044 936 3109 (7)
948 3045 983 3093 At
990 3057 1013 3094 ει
1006 3039 1056 3091 ds

54 3114 248 3182 btelalegitima
269 3119 531 3200 consanguineorum
554 3131 639 3183 usqua
663 3117 698 3168 ad
721 3121 848 3182 quartum
862 3115 974 3181 gradum
990 3126 1055 3178 aga·

54 3186 93 3248 tur,
104 3188 217 3242 volentes
229 3189 262 3241 da
275 3183 395 3255 episcopi
413 3189 522 3240 licentia
534 3188 568 3239 ad
583 3202 642 3240 eam
656 3188 897 3239 administrandam
910 3185 1055 3237 admittun-

54 3257 86 3305 tur
87 3260 164 3323 ,quia
177 3261 258 3312 etiam
272 3261 384 3312 clericos
394 3260 480 3320 decet
497 3259 758 3343 consanguineorum
773 3273 866 3310 euram
880 3264 1056 3330 tansiacum

54 3325 177 3391 Apostolus
189 3331 289 3384 infideli
304 3335 444 3396 ¹comparet
457 3346 528 3394 aum,
542 3331 589 3397 qui
605 3345 725 3395 suorum,
740 3336 766 3384 et
780 3319 918 3398 praecip'ue
932 3327 1057 3382 domesti-

53 3408 125 3450 corum
143 3415 231 3454 euram
244 3417 296 3455 non
313 3403 404 3457 babet.
420 3403 471 3455 Sed
485 3403 524 3455 sia
548 3415 602 3455 non
615 3407 666 3468 est,
680 3404 704 3458 si
726 3403 760 3455 de
786 3399 995 3462 testamentaria,
1010 3399 1055 3450 vel

53 3465 123 3523 dativa
140 3475 224 3526 tutela
230 3479 349 3542 agatur·
368 3489 448 3540 porro
462 3474 496 3526 ad
517 3474 590 3528 bane
604 3473 846 3527 administrandam
861 3471 977 3523 cleriei
970 3485 998 3522 ιιι
1011 3484 1056 3523 sa·

21 3623 24 3634 ·
54 3549 93 3591 cns
104 3545 236 3601 constituti
240 3560 348 3616 ,neque
366 3547 497 3612 volentes,
507 3559 561 3600 urar
581 3545 615 3600 de
635 3546 763 3612 episcopi,
776 3547 803 3598 at
815 3543 887 3612 quod
902 3543 986 3594 tutius
1006 3547 1055 3605 est,

929 3633 954 3686 5.
