2546 4082
219 355 326 433 puellae
337 353 475 416 voluntas
492 355 666 432 exploretur
683 361 753 416 ante
767 354 995 432 professionem,
1014 355 1063 417 vel
1087 361 1162 416 aute
1173 369 1240 431 pro·

216 443 378 518 bationem,
402 443 451 504 eui
475 445 683 506 eonsuetudini
701 445 832 506 adhaeret
849 445 1026 506 Pelizzarius
1049 449 1104 520 (3),
1120 444 1174 522 qui
1187 447 1241 504 lor·

218 549 299 594 mam
320 532 454 608 eiusdem
472 534 687 610 explorationis
706 534 827 594 exhibet
836 533 924 609 juxta
939 533 1057 610 aliquos
1077 533 1111 593 in
1128 533 1240 609 seriptis

217 620 420 698 redigendam,
435 622 510 682 etin
524 624 700 684 oaneellaria
714 622 875 702 episcopali
892 639 962 684 eum
977 621 1043 683 aliis
1056 621 1237 685 documentis

218 711 432 772 asservandum
445 715 497 784 (l).

249 875 340 942 (l)1ta
353 879 457 928 constat
470 890 503 929 ex
516 875 591 928 Trici.
606 887 675 929 sess.
689 875 731 940 25,
744 888 770 928 e.
788 875 827 938 lb,
841 875 875 929 de
889 875 972 940 regul.
984 875 1057 941 quod
1077 876 1235 942 intelligibili

217 947 310 1014 lingua
329 947 358 999 in
376 948 494 1013 capitulo
513 947 671 999 Monialium
693 946 838 1010 legendum
860 946 942 998 tradit
962 946 1143 1009 Moneoellus,
1167 953 1234 998 ente·

216 1032 299 1086 quarn
312 1019 415 1070 novitia
427 1033 444 1072 a
458 1019 621 1070 monialibus
637 1019 775 1086 probetur.
800 1017 933 1070 predicta
956 1022 1045 1069 autem
1061 1018 1237 1070 exeommuni-

216 1091 329 1142 oationis
341 1103 424 1156 poena
438 1091 519 1142 afficit
531 1102 634 1153 omnes,
649 1091 697 1155 qul
710 1089 850 1154 auxilium,
867 1090 1020 1152 eonsilium,
1036 1091 1158 1142 favorem
1173 1102 1234 1156 pre·

214 1162 290 1225 bent,
304 1164 351 1212 aut
363 1162 547 1229 praesentiam,
556 1160 600 1213 vel
615 1162 800 1213 auctoritatam
815 1161 844 1211 in
853 1161 1055 1227 approbationis
1065 1167 1114 1214 aut
1126 1162 1234 1215 coactio·

212 1233 256 1286 nis
270 1235 332 1284 ectu
346 1234 529 1300 interponunt.
543 1259 575 1272 -
587 1233 623 1298 (t)
638 1233 697 1284 Dio.
711 1245 780 1287 sess.
795 1247 818 1284 o.
836 1232 873 1296 ll,
884 1233 917 1284 de
932 1232 1017 1298 regul.
1037 1259 1068 1270 —
1079 1233 1115 1298 (3)
1132 1234 1171 1284 lle
1184 1246 1231 1286 mo·

213 1303 278 1356 nial.
293 1317 316 1356 o.
331 1303 356 1364 l,
367 1318 396 1356 n.
411 1305 434 1356 t.
459 1331 486 1342 -
509 1303 546 1368 (l)
569 1305 673 1356 citatus
695 1306 789 1364 auotur
807 1303 954 1356 voluntatis
976 1304 1186 1370 explorationem
1201 1305 1232 1356 ita

213 1375 367 1428 detonuit«
385 1379 417 1427 ut
437 1374 530 1442 puella
554 1375 737 1440 interrogetur
758 1375 792 1426 de
812 1375 930 1438 nomine,
950 1376 1048 1442 patrie,
1070 1375 1231 1440 parentibus,

215 1466 228 1497 ι
245 1449 334 1506 tetam,
348 1461 413 1498 num
427 1448 495 1499 sciat
512 1446 612 1511 legere,
626 1447 754 1507 seribere,
768 1460 876 1510 muare,
898 1450 959 1510 eto,
979 1452 1054 1512 quot,
1076 1451 1105 1498 et
1125 1448 1172 1512 qui
1184 1447 1232 1496 sint

215 1537 227 1567 ι
246 1517 309 1570 ddai
322 1519 438 1579 articuli,
452 1531 514 1584 quae
528 1523 664 1584 praeopta
678 1517 813 1583 Deoalogi‚
826 1523 853 1570 et
865 1518 1012 1570 lloolesim=
1035 1518 1102 1584 quid
1118 1517 1232 1569 intendat

215 1607 227 1638 ι
245 1602 294 1656 par
309 1590 507 1657 susceptionem
521 1592 607 1640 status
624 1589 743 1653 religiosi
760 1609 767 1639 ι
782 1603 818 1640 an
837 1592 941 1653 sponte,
965 1592 992 1640 et
1005 1590 1055 1640 Dei
1073 1589 1180 1656 spiritu,
1193 1587 1231 1638 vel

215 1680 226 1708 ι
246 1655 443 1728 ex'parentum,
464 1660 631 1719 monialium,
654 1663 701 1711 aut
715 1660 827 1712 alterius
843 1661 964 1726 cujusvis
977 1673 1101 1724 personae
1116 1659 1229 1720 oonsilio,

214 1750 227 1780 ι
245 1744 277 1783 ao
291 1731 416 1785 suasione
431 1751 438 1783 ε
452 1745 535 1798 aquo
553 1735 675 1796 tempore
692 1731 807 1783 senserit
821 1744 850 1783 se
864 1736 985 1782 vocatam
999 1731 1033 1782 ad
1050 1731 1227 1795 Religionem:

212 1819 225 1849 ι
243 1815 305 1853 ena
320 1802 438 1867 pueritia
449 1803 570 1854 animum
583 1801 617 1852 ad
628 1803 757 1870 pietatem
765 1816 798 1854 ao
812 1802 970 1868 religionem
984 1802 1111 1855 hebuerit
1122 1815 1227 1868 propen-

214 1891 227 1920 ι
244 1886 326 1924 sum:
342 1887 408 1926 num
421 1887 534 1940 eorpore
547 1887 578 1926 eo
600 1877 689 1926 mente
704 1887 770 1925 sana
785 1875 827 1933 sit.
842 1875 886 1925 vel
908 1875 1042 1926 oecultum
1055 1874 1172 1940 aliquem
1186 1873 1226 1924 de·
1252 1897 1253 1910 κ

214 1962 226 1992 ι
245 1943 344 1995 lectum
356 1944 465 2009 hebeat,
479 1949 505 1997 et
521 1959 612 2011 quarm
626 1949 652 1996 et
666 1959 682 1996 e
704 1959 758 2011 quo
776 1949 897 2011 tempore
914 1959 968 1996 :nn
982 1946 1058 2009 solet,
1072 1949 1100 1997 et
1112 1945 1178 1996 bene
1193 1944 1227 1994 iu·

213 2034 225 2063 ι
243 2015 348 2080 telligat
361 2017 414 2068 trie
426 2022 489 2068 vota
503 2017 651 2082 religionis,
665 2017 754 2083 sitque
767 2020 863 2082 parata
873 2017 1026 2068 ebdioaraa
1039 2030 1069 2068 se
1087 2015 1225 2068 dominium

210 2104 222 2134 a
242 2099 332 2138 rerum
349 2089 468 2140 omnium
484 2088 675 2152 temporalium
687 2101 738 2154 per
751 2093 842 2140 votum
855 2089 1031 2156 paupertatis,
1046 2089 1183 2154 vivereque
1199 2087 1225 2136 in

212 2176 225 2205 ι
242 2159 386 2222 eommuni,
402 2160 426 2211 si
438 2162 495 2211 vita
509 2160 658 2212 eommunis
673 2160 834 2220 inducatur;
856 2161 994 2212 abstinere
1015 2161 1050 2211 ab
1075 2161 1146 2211 omni
1159 2158 1223 2210 dele·

210 2229 355 2281 rotatione
369 2233 459 2283 earnis
472 2235 533 2282 voto
554 2231 685 2282 eastitatis
709 2235 892 2296 repugnante;
914 2243 1045 2297 suamque
1065 2231 1221 2284 voluntatem

211 2317 222 2347 ι
240 2300 348 2352 omnino
363 2302 497 2367 subjioere
508 2300 639 2352 voluntati
649 2302 938 2366 suorumsuperiorunu
949 2317 998 2367 per
1008 2301 1221 2353 votumobedien·
1251 2301 1252 2354 l

210 2390 222 2420 ι
240 2371 286 2422 tiae
299 2391 307 2422 ι
321 2385 357 2423 an
375 2372 411 2424 sit
427 2377 524 2437 parate
535 2385 642 2424 emnem
660 2372 768 2423 Domini
781 2373 863 2434 ferre,
881 2373 1016 2437 abnegare
1030 2377 1117 2426 semet
1137 2375 1217 2437 ipsam,

210 2459 222 2490 ι
243 2447 270 2494 et
281 2443 358 2508 sequi
373 2442 509 2496 Christum
517 2447 596 2509 juxta
610 2443 696 2510 ipsius
707 2443 806 2496 Christi
815 2444 968 2496 eonsilium.
979 2460 991 2490 a
1002 2443 1161 2497 Ordines-ius
1169 2449 1218 2508 post

207 2510 258 2565 has
272 2514 504 2579 interrogationes,
518 2517 545 2566 et
554 2515 622 2566 alias
636 2515 748 2578 similes,
762 2519 844 2580 prout
853 2515 970 2580 Spiritus
983 2516 1098 2568 Sanetus
1108 2517 1133 2568 ei
1146 2515 1216 2566 dion-

208 2585 279 2636 verit
288 2587 368 2650 iuxta
384 2586 565 2638 conditionem
577 2585 687 2652 puellae,
701 2586 725 2638 si
740 2587 830 2637 omnia
847 2585 880 2637 de
897 2588 959 2651 jure
972 2587 1098 2638 habenda
1111 2587 1215 2639 habean-

207 2658 261 2715 tur,
278 2656 400 2708 oonoedit
413 2656 568 2708 Abbatissae
585 2662 701 2725 peractae
724 2657 917 2722 explorationis
935 2658 1126 2722 testimonium,
1150 2660 1173 2708 et
1187 2654 1214 2706 li·
1250 2659 1251 2687 l

207 2727 323 2778 oantiam
337 2727 505 2792 proponendi
521 2727 639 2794 oapitule
653 2741 702 2780 suo
720 2728 840 2793 puellam
859 2742 908 2795 pro
936 2728 1040 2789 habitu,
1061 2743 1111 2782 seu
1127 2727 1214 2796 proles·

207 2796 283 2850 done
297 2798 476 2866 assequenda.

240 2991 303 3048 230.
319 2994 379 3050 bos
392 2991 548 3051 moderata
561 2993 737 3068 regulariter
759 2999 805 3054 est
822 2995 1031 3056 eonstituende
1041 2995 1158 3056 novitiae
1170 2994 1211 3066 (l),

204 3075 274 3137 lieet
287 3079 511 3153 monesterium,
528 3079 559 3140 in
575 3099 635 3157 quo
653 3084 820 3158 profitetur,
836 3083 949 3144 reditus
961 3083 1211 3145 actualiterhabeet

206 3166 386 3226 sufficientes
399 3167 437 3227 ad
449 3168 667 3243 providendum
681 3172 819 3232 omnibus
832 3173 1011 3232 monialibus
1024 3173 1084 3232 sibi
1095 3172 1209 3245 assigna·

205 3252 243 3312 tis
259 3259 310 3327 (a).
324 3260 426 3331 Neque
441 3256 603 3317 simoniaca
618 3260 685 3334 jure
699 3260 799 3320 divino
814 3261 880 3321 hoeo
892 3269 938 3321 est
951 3263 1029 3322 dotis
1044 3258 1208 3328 constitutio,

205 3347 239 3401 ut
250 3344 327 3402 male
338 3345 429 3419 iactat
442 3347 676 3423 Van-Espenius;
697 3365 766 3408 nam
786 3367 847 3410 non
865 3351 952 3410 datur
964 3358 997 3410 ut
1012 3351 1139 3427 pretium
1151 3364 1207 3423 pro·

205 3429 351 3507 fessionis,
367 3434 420 3492 sed
438 3435 476 3494 ad
487 3435 605 3496 titulum
618 3438 850 3498 sustentationis.
870 3445 973 3516 Neque
986 3438 1206 3510 simoniacarum

204 3519 407 3580 eeclesiastico
435 3523 561 3599 emplius
588 3530 651 3598 est,
680 3543 749 3586 nem
777 3527 903 3592 simonia
919 3529 985 3588 haeo
1005 3545 1061 3605 per
1081 3541 1165 3590 noas
1182 3527 1204 3582 S·

191 3662 193 3668 .
204 3607 447 3688 congregationis
460 3610 627 3676 teodone
641 3613 696 3676 luit
706 3631 743 3677 ee
753 3616 792 3678 de
804 3633 896 3680 eausa
908 3613 1038 3696 sublate,
1046 3618 1116 3697 quie
1126 3627 1202 3692 expe

1242 3767 1247 4057 l
