2468 4090
588 229 743 282 -2l0-

160 347 289 416 disponit,
303 349 328 400 et
339 347 450 400 curatus
459 347 671 412 congruentibus
677 347 758 400 etiam
768 347 918 401 redditibus
937 347 1082 402 destitutus
1098 345 1171 412 inpo·

160 426 262 471 aterum
276 417 412 484 applicare
426 417 525 470 dehent
535 437 541 480 ς
551 431 584 469 ex
594 431 647 484 quo
657 419 765 471 videtur
776 419 973 479 deducendum,
985 433 1057 478 eum,
1068 419 1113 486 qui
1122 417 1173 468 red·
1214 463 1215 470 ,

161 491 234 542 ditus
249 488 414 542 sufficientes
427 489 557 555 percepit,
583 495 610 541 et
626 489 689 541 huic
703 491 860 556 obligationi
872 505 926 542 non
943 490 1082 553 satisfecit,
1097 488 1172 540 teneri
1214 491 1215 506 ¹

159 562 334 630 imposterum
349 560 458 612 llissam
473 561 609 626 applicare
627 561 717 622 toties,
732 562 837 628 quoties
851 562 880 613 in
894 563 1067 629 preteritum
1086 560 1174 616 omisit,
1214 573 1215 580 ¹

160 633 214 684 nisi
230 645 246 682 a
260 631 286 682 S.
302 631 372 684 sede
386 630 608 683 condonationem
617 633 748 696 obtineat,
757 647 818 684 cum
830 647 880 699 per
890 633 1113 689 consuetudinem
1122 631 1176 681 huic
1214 669 1215 696 ,

157 703 229 755 malo
246 703 350 754 mederi
369 706 495 768 nequeat
516 702 592 765 Quod
614 703 638 754 si
656 704 811 772 prehendas
825 705 1018 766 Perochorum,
1035 709 1063 755 et
1077 708 1173 754 curato·
1214 717 1215 762 l

160 788 220 826 rum
232 773 299 826 adeo
314 774 368 825 sint
380 785 526 838 pauperes,
539 779 570 824 ut
581 775 766 840 septingentas
779 775 886 827 libellas
896 775 1034 827 hodiernae
1044 774 1145 840 gallice
1155 773 1177 822 et

160 846 234 898 itale
250 851 364 897 monetes
378 845 411 896 de
427 845 512 897 nitido
526 859 581 899 non
593 846 732 906 excedant,
750 847 849 899 Sancta
863 847 945 900 Sedes
958 847 1114 912 petentibus
1133 843 1176 896 Or·

161 916 276 968 dinariis
291 917 428 968 interdum
443 915 566 981 indulget
579 918 614 969 ah
630 918 681 970 hac
695 919 875 984 applicatione
893 919 1121 984 dispensationem
1135 927 1177 980 pro

163 989 260 1040 diebus
274 989 351 1040 lestis
364 987 529 1053 suppressis,
539 987 665 1053 imposito
679 1003 760 1041 onero
769 989 923 1056 applicandi
932 989 1002 1040 inira
1012 1001 1112 1040 annum
1125 999 1179 1051 qua·

162 1065 224 1111 tuor
238 1062 286 1110 aut
300 1059 415 1124 quisque
432 1072 481 1125 pro
497 1060 598 1126 populo
616 1060 724 1113 Missas.
741 1061 818 1113 Hanc
834 1061 1064 1126 dispensationem
1084 1059 1177 1124 cpisco-

163 1144 215 1198 pus
225 1129 455 1194 Alhingaunensis
470 1129 523 1180 aS.
536 1130 749 1196 Congregatione
763 1132 874 1184 Concilii
887 1145 937 1196 pro
951 1131 1119 1196 pauperibus
1130 1140 1177 1179 suc

163 1201 289 1254 diaecesis
303 1202 405 1252 curatis
420 1200 538 1252 obtinuit
551 1201 624 1254 dial
641 1203 743 1268 Aprilis
762 1203 821 1254 1856
842 1207 869 1254 et
888 1203 1037 1254 executioni
1051 1200 1178 1254 mandavit

164 1273 245 1326 etiam
259 1286 309 1338 pro
323 1272 421 1322 futuris
435 1271 614 1338 temporibus.
628 1301 658 1311 -
667 1275 702 1338 (3)
713 1273 835 1327 Officium
847 1274 1013 1340 predicandi
1026 1275 1055 1324 in
1068 1269 1179 1324 Ecclesia

162 1343 311 1411 parochiali
324 1343 392 1402 adeo
404 1342 544 1409 proprium
558 1347 600 1396 est
617 1345 743 1405 Perochi,
753 1351 783 1398 ut
800 1345 869 1397 alius
883 1345 943 1398 sine
957 1359 1007 1398 sua
1021 1349 1049 1397 et
1062 1340 1177 1408 Episcopi

165 1415 274 1466 licentia
286 1416 314 1466 in
330 1414 458 1479 parochia
472 1414 620 1480 predicare
631 1420 756 1482 nequeat.
766 1417 799 1467 In
810 1416 937 1468 Ecclesiis
948 1420 1038 1468 tamen
1051 1416 1177 1469 civitaten·
1214 1431 1215 1472 ς

165 1487 243 1538 sibus
260 1485 373 1536 Parochi
387 1486 537 1549 praedicare
551 1499 604 1538 non
627 1488 726 1539 debent
748 1487 796 1539 illa
817 1487 893 1550 hora,
907 1501 961 1553 qua
977 1489 1107 1554 predicat
1122 1482 1178 1548 Epi·
1214 1493 1215 1496 ¹

165 1569 274 1622 scopus.
284 1556 367 1608 Clam.
376 1553 486 1608 Dudum
498 1558 511 1622 ξ
524 1555 578 1610 Nos
591 1562 685 1610 autem
697 1559 731 1610 de
743 1558 842 1625 sepult.
854 1587 881 1596 -
894 1558 930 1623 (l)
941 1559 991 1610 Hic
1001 1558 1113 1610 clericus
1123 1566 1176 1620 pro·

167 1629 274 1680 bandus
286 1631 329 1678 cst
344 1629 379 1679 ab
393 1629 536 1695 Episcopo,
547 1631 653 1681 etiamsi
666 1644 730 1689 una,
738 1634 785 1681 aut
794 1629 881 1682 altera
891 1633 997 1680 tautum
1010 1630 1068 1681 vice
1076 1627 1178 1681 verbum

169 1699 277 1750 Domini
293 1699 444 1762 nunciaret,
464 1703 491 1750 et
510 1701 616 1752 etiamsi
634 1709 708 1752 esset
727 1701 820 1753 ordine
835 1701 983 1768 episcopali
995 1700 1145 1765 insignitus.
1156 1693 1179 1743 Si

169 1773 260 1822 tamen
274 1770 412 1822 Perochus
422 1771 487 1822 velit
499 1772 649 1837 predicare
662 1787 713 1838 per
734 1786 773 1832 se,
788 1787 842 1824 non
861 1775 950 1838 potest
962 1786 1025 1825 eum
1040 1772 1178 1836 Episcopus

169 1839 310 1905 impedire,
324 1847 356 1891 ut
369 1840 396 1892 S.
410 1841 489 1893 Cone.
502 1845 678 1908 congregatio
693 1843 850 1894 declaravit.
868 1843 996 1894 Giraldus
1009 1844 1038 1893 in
1051 1841 1136 1892 Addit.
1150 1834 1178 1886 ad

166 1911 316 1962 Barbosam
329 1911 363 1964 dc
378 1913 443 1965 offic.
455 1915 602 1965 Parach-
615 1915 651 1979 (5)
667 1915 739 1965 Trid.
754 1928 821 1966 sess.
836 1915 860 1976 5,
875 1929 898 1966 c.
914 1915 939 1974 2,
957 1921 984 1965 et
998 1927 1063 1966 sess.
1077 1913 1115 1970 23,
1125 1923 1146 1960 c.
1160 1905 1177 1959 l,

170 1984 203 2036 de
213 1983 262 2033 rel.
274 1981 327 2034 Sed
337 1983 450 2036 ulterius
460 1985 617 2048 notandum,
628 1986 701 2052 quod
715 1985 784 2037 idem
800 1985 987 2037 Tridentinum
999 1999 1065 2036 sess.
1077 1983 1114 2040 tlt
1125 1995 1144 2032 c.
1155 1977 1176 2031 l,

169 2055 203 2106 de
218 2054 266 2105 res.
283 2055 433 2118 prudentia
451 2055 654 2108 ordinariorum
672 2057 789 2122 reliquit,
804 2063 835 2108 ut
851 2060 963 2123 possent
976 2055 1104 2122 parochos
1118 2048 1176 2102 ohli-

170 2139 234 2191 gare
247 2125 281 2178 ad
294 2127 406 2178 vcrhum
417 2128 538 2178 divinum
547 2128 730 2180 nunciandum
737 2128 865 2194 quotidie,
876 2128 919 2180 vel
931 2129 1028 2180 saltem
1038 2128 1121 2178 tribus
1129 2123 1175 2172 die·

168 2198 221 2249 hus
236 2197 264 2247 in
277 2197 455 2258 hebdomada,
470 2213 531 2250 cum
548 2203 656 2266 tempus
673 2199 841 2266 jejuniorum
859 2199 1008 2258 Adventus,
1024 2203 1051 2250 et
1068 2193 1175 2259 Quadra-

170 2269 281 2334 gesimae
294 2271 419 2321 occurrit.
432 2270 504 2322 Illud
517 2270 632 2322 maxime
645 2271 761 2336 danique
773 2271 966 2330 adnotandum,
978 2269 1051 2336 quod
1071 2283 1101 2320 ex
1115 2267 1176 2342 ejus·

171 2339 231 2390 dem
248 2341 343 2406 capitis
356 2342 531 2407 dispositione
544 2355 598 2392 non
609 2341 696 2393 solum
710 2347 835 2394 tenentur
848 2341 964 2392 parochi
973 2341 1080 2392 adultos
1091 2333 1175 2404 predi·

170 2411 274 2462 catione
288 2411 417 2472 edocera;
435 2413 483 2464 sed
498 2413 578 2464 ctiam
591 2413 686 2466 saliem
699 2411 854 2475 Doctinicis,
869 2416 893 2466 et
908 2412 971 2464 otiis
982 2411 1087 2477 (estivis
1101 2405 1177 2484 dedat

169 2495 264 2548 pueros
277 2481 341 2547 fidei
353 2481 519 2547 rudimento,
536 2487 562 2536 et
579 2483 757 2537 obedientiam
771 2497 836 2550 erpa
849 2481 933 2535 deum
951 2485 977 2536 e't
996 2485 1117 2546 parentes
1128 2475 1176 2528 dih-

170 2556 273 2618 gcnter,
287 2555 479 2606 nonobstante
492 2569 661 2621 quacumque
677 2555 826 2620 privilegio,
842 2560 868 2608 et
882 2554 1085 2612 consuetudine,
1097 2545 1174 2602 similt-

171 2628 213 2676 ter
227 2623 383 2677 edocere.-'
392 2626 429 2692 (6)
443 2627 517 2678 Trid.
529 2627 602 2678 Sese.
615 2629 639 2686 5,
651 2641 673 2678 c.
688 2627 718 2688 2;
734 2633 761 2678 et
775 2641 841 2678 sess.
852 2627 883 2678 24
895 2640 918 2677 c.
931 2626 955 2685 4,
969 2626 1003 2677 ds
1018 2625 1065 2676 rel,
1079 2623 1132 2674 Non
1143 2619 1174 2667 tt·

169 2710 232 2748 men
255 2699 344 2761 potest
361 2697 513 2762 Episcopus
527 2698 680 2750 Perochum
694 2712 748 2749 non
765 2699 958 2764 predicantem
971 2697 1101 2747 mulctare
1111 2698 1176 2765 pena

169 2769 335 2834 pecuniaria,
348 2769 412 2833 quia
429 2767 480 2825 hcc
496 2783 513 2820 a
529 2769 554 2820 S.
572 2769 783 2835 Congregation'e
799 2769 910 2822 Concilii
924 2769 953 2818 in
967 2781 1022 2819 una
1034 2764 1176 2818 Nooorietttt

172 2839 339 2904 appellatum
349 2841 400 2890 luit
413 2841 560 2893 arbitrium
570 2839 702 2892 indecens.
720 2835 882 2892 Benedictus
892 2839 967 2901 XIV,
978 2838 1012 2889 de
1027 2827 1176 2902 syncelli

172 2924 194 2962 c.
211 2912 225 2962 9
240 2925 266 2960 n.
283 2913 305 2962 8.
318 2911 449 2963 Caeterum
463 2912 578 2963 Perochi
591 2913 619 2962 in
636 2912 686 2964 hoc
701 2913 753 2964 sibi
767 2913 818 2964 rite
833 2911 1175 2963 consulant2namcomm11·

171 2982 215 3032 nis
229 2987 270 3033 est
282 2983 424 3033 Doctorum
438 2984 580 3042 sententia,
595 2997 641 3034 eos
655 2997 767 3048 peccare
781 2983 877 3034 saltem
891 2981 1042 3040 venialiter,
1056 2981 1079 3030 si
1093 2979 1176 3053 absque

171 3067 253 3104 causa
265 3052 315 3103 hoc
330 3068 383 3104 non
398 3054 540 3106 observent
555 3055 665 3106 Concilii
678 3060 853 3120 pracceptum,
863 3053 906 3104 vel
920 3066 976 3103 una
989 3053 1176 3115 vice,etgrav1·

171 3129 212 3174 ter
227 3138 348 3189 peccare,
363 3126 447 3190 siper
461 3139 580 3176 mensem
591 3126 625 3177 ah
642 3126 693 3178 hac
706 3125 867 3189 obligations
878 3124 1012 3182 deiciant,
1026 3123 1096 3188 quod
1105 3123 1175 3170 locun

170 3194 253 3246 habet
267 3210 297 3246 eo
312 3197 391 3246 etiam
406 3201 535 3261 tempore,
550 3212 603 3262 quo
618 3211 634 3248 a
648 3197 776 3262 parochia
798 3211 830 3248 ex
849 3196 971 3260 legitima
983 3209 1066 3246 causa
1077 3191 1174 3267 absunt:

171 3280 234 3317 nam
247 3272 312 3318 tunc
326 3282 418 3318 curam
434 3268 615 3334 parochialem
634 3274 760 3320 tenentur
778 3281 902 3320 exercere
916 3279 965 3332 per
983 3266 1067 3317 alium
1080 3265 1111 3316 ah
1125 3263 1175 3325 Ept-

131 3385 134 3392 .
172 3350 252 3404 scopo
268 3341 454 3405 approbatum.
468 3367 499 3377 -
512 3339 548 3406 (l)
563 3341 657 3394 Devoti
675 3341 740 3392 Inst.
757 3339 820 3393 Can.
844 3339 861 3391 l.
882 3340 906 3400 3,
926 3345 945 3390 t.
966 3337 1016 3402 3,ἣ
1036 3337 1074 3402 91,
1094 3336 1120 3387 in
1131 3331 1172 3386 uet-

172 3407 338 3462 Monacellus
349 3414 367 3461 t.
385 3410 423 3469 tt,
437 3411 493 3471 Μ,
509 3425 535 3462 n.
551 3413 575 3464 9.

207 3616 270 3671 209.
291 3613 334 3700 oh
348 3613 479 3672 debitum
499 3613 761 3676 administrationis
780 3621 1047 3690 sacramentorum,
1065 3621 1174 3690 quorum
