2468 4090
481 234 639 287 -2ll-

36 363 89 416 est
118 341 255 416 ministe⁸r
279 353 457 427 ordinarius,
484 357 611 428 excepta
631 351 871 424 confirmatione,
897 358 927 411 et
951 349 1071 424 Ordine,

39 451 170 504 tenetur
184 450 371 504 sacramenta
385 441 554 502 necessaria
567 440 742 500 necessitate
756 441 855 513 medii,
870 439 914 514 uti
933 445 980 500 est
996 443 1070 514 Bap-

37 537 164 607 tismus
181 541 212 594 et
225 530 410 605 Paenitentia,
424 530 546 592 omnino
559 529 727 590 ministrare
747 529 837 588 etiam
851 545 920 590 cum
936 529 1003 588 vitae
1018 545 1070 604 pe-

38 622 143 683 riculo
159 625 212 695 (l),
234 628 265 681 et
282 621 362 680 idem
381 619 541 680 dicendum
562 619 600 678 de
616 623 756 678 Extrema
772 616 925 690 tinctione,
950 616 1070 692 quando

39 716 179 786 aegrotus
198 709 263 770 aliis
283 708 482 769 sacramentis
498 706 594 783 juvari
614 723 676 766 non
694 712 793 783 potest
811 710 866 779 (2),
894 702 925 762 in
950 703 1071 780 reliquis

40 815 121 860 vero
133 799 296 860 maximam
310 813 423 870 curam,
439 804 469 856 et
481 795 662 872 diligentiam
676 794 818 855 adhibere
832 799 842 864 (
862 796 884 863 ).

78 889 128 966 Ob
146 887 279 948 debitum
292 885 631 962 praebendi‘exemplum
648 883 798 943 bonomm
816 895 941 958 operum
954 887 1071 942 tenemr

41 975 117 1034 fidei
130 975 360 1052 professionem,
376 978 406 1034 et
413 974 615 1051 juramentum
627 971 802 1032 obedientiae
818 975 957 1030 Romana
971 971 1071 1029 Eccle-

41 1062 97 1123 siae
112 1064 143 1124 in
157 1081 250 1124 manu
264 1063 407 1124 ordinarii
421 1061 499 1122 intra
513 1063 589 1122 duos
602 1080 619 1120 a
632 1059 769 1122 beneficii
782 1059 973 1136 possessione
986 1075 1070 1118 men-

42 1169 94 1212 ses
110 1153 256 1228 emittere,
270 1153 353 1214 aliter
366 1153 481 1212 fructus
494 1168 555 1210 non
572 1149 643 1211 iacit
660 1166 732 1209 suos
755 1154 806 1222 (t).
827 1149 938 1210 Deinde
960 1149 991 1207 in
1010 1147 1071 1208 vita

42 1241 156 1315 pietate
171 1244 352 1318 praecellere,
365 1239 533 1316 integritate
546 1256 666 1300 morum
685 1238 898 1311 commendari,
914 1243 944 1297 et
958 1239 1021 1298 zelo
1034 1254 1070 1298 ac

43 1329 191 1390 charitate
203 1330 347 1390 eminere:
358 1345 428 1388 nam
442 1345 502 1388 non
514 1328 603 1388 debet
613 1327 739 1390 aliorum
750 1327 890 1387 ducatum
905 1327 1068 1401 suscipere,
1083 1382 1102 1407 ,Ι

44 1418 98 1492 qui
120 1417 216 1479 nescit
235 1417 372 1480 omnibus
386 1418 463 1476 bene
483 1417 611 1477 vivendo
632 1415 748 1492 praeire.
771 1415 948 1475 charitatem
970 1421 1070 1476 autem

44 1506 176 1566 maxime
196 1523 253 1582 pro
271 1504 462 1582 pauperibus,
480 1511 511 1566 et
532 1504 596 1566 aliis
617 1503 834 1564 miserabilibus
856 1503 994 1579 personis
1016 1503 1069 1564 ha·

46 1595 140 1667 beat(
160 1601 182 1668 ).

82 1685 127 1744 0b
137 1683 270 1744 debitum
283 1683 411 1760 denique
424 1681 616 1742 incumbendi
629 1681 658 1741 in
674 1687 782 1742 caetera
795 1681 897 1741 munia
910 1679 1069 1758 pastoralia

47 1769 124 1831 inter
142 1773 198 1831 alia
223 1777 339 1831 tenetur
360 1770 548 1848 parochianis
564 1769 626 1830 suis
650 1769 713 1830 dies
736 1771 839 1843 festos,
860 1769 1068 1846 indulgentias,

46 1859 233 1920 matrimonia
257 1860 449 1933 celebranda,
469 1851 499 1919 e't
516 1859 627 1935 jejunia
647 1857 793 1932 nuntiare,
818 1865 849 1919 at
868 1864 987 1934 caetera,
1002 1875 1070 1935 quae

48 1949 223 2036 emerserint
241 1949 380 2009 Ecclesiae
400 1955 552 2024 precepta,
568 1955 598 2007 et
608 1947 746 2024 Episcopi
757 1948 959 2008 ordinationes
971 1947 1069 2024 publi-

48 2050 128 2111 care,
150 2053 189 2096 ne
209 2036 313 2113 populi
325 2036 491 2112 ignorantia
505 2036 662 2110 violentur,
678 2045 731 2096 aut
744 2038 872 2113 populus
889 2037 975 2097 novis
994 2053 1067 2097 con·

49 2124 138 2184 cessis
148 2125 302 2184 beneficiis
316 2132 346 2186 et
358 2125 460 2200 gratiis
474 2117 608 2218 prifftur
623 2128 675 2196 (6).

76 2270 111 2333 (ll
125 2272 285 2324 Benedictus
309 2273 381 2326 XIV.
403 2273 436 2324 de
455 2271 554 2336 Synod.
575 2271 592 2323 l.
613 2271 650 2335 13,
665 2286 687 2323 c.
707 2274 744 2337 ts,
767 2286 794 2324 n.
810 2271 833 2322 6.
854 2298 886 2310 -
899 2272 935 2338 (2)
949 2273 1069 2324 Barbosa

50 2338 80 2389 de
100 2343 166 2394 offic.
182 2357 238 2408 par.
257 2357 279 2394 c.
297 2343 334 2405 tt,
350 2358 376 2394 n.
391 2343 430 2394 il.
444 2371 471 2379 -
487 2343 521 2407 (3)
537 2343 613 2404 Quod
627 2343 714 2408 magis
727 2343 855 2396 Paroohis
868 2345 1069 2395 commandatur
1179 2389 1180 2394 ,

50 2414 89 2460 est
100 2415 206 2478 aegrotis
216 2414 349 2465 Viaticum
364 2415 496 2478 prebere,
511 2417 538 2464 et
551 2414 646 2464 iisdem
660 2415 688 2463 in
702 2415 829 2466 extremis
842 2414 993 2467 constitutis
1006 2428 1067 2466 con·

49 2481 119 2534 tlnuo
131 2485 314 2549 adsisterent
326 2485 482 2551 opportunis
497 2485 604 2535 auxiliis
616 2487 755 2548 juventur.
767 2513 793 2522 -
808 2486 844 2551 (ll
857 2486 929 2538 Trid.
949 2499 1015 2538 sess.
1026 2486 1066 2544 at,

49 2564 69 2602 c.
88 2553 123 2614 lt,
137 2556 170 2606 de
188 2556 236 2606 ral.
254 2583 283 2592 -
300 2556 336 2619 (5)
353 2556 431 2608 Unda
444 2557 473 2605 in
487 2555 604 2606 Concilio
619 2555 815 2608 Mediolanensi
835 2557 845 2606 l
862 2557 920 2608 haec
934 2557 1065 2622 legimus:

51 2641 60 2668 ι
76 2624 196 2690 Inquirat
209 2627 330 2678 studiose
344 2627 503 2691 (parochus)
517 2627 550 2677 do
563 2627 739 2691 pauperibus,
751 2630 903 2691 prasertim
922 2629 955 2680 de
968 2627 1065 2693 puellis

50 2713 60 2739 ι
76 2697 223 2756 nubilibus,
232 2697 331 2756 viduis,
342 2697 478 2764 orphanis,
490 2696 611 2764 pupillis,
624 2698 742 2761 aegrotis,
754 2700 828 2750 senio
841 2701 978 2760 coniectis,
989 2700 1063 2752 aliis·

50 2781 125 2831 «qna
144 2770 267 2832 personis
286 2769 430 2832 temporali
445 2768 487 2819 vel
509 2769 643 2831 spirituali
657 2769 841 2821 misericordia
865 2770 1059 2836 indigentibus

50 2853 60 2879 ι
77 2837 171 2900 quibus
188 2845 215 2889 et
231 2839 289 2903 ipse
303 2853 352 2904 pro
367 2840 470 2890 viribus
483 2839 609 2906 opitulari
624 2845 651 2890 at
667 2839 734 2890 alios
748 2854 796 2891 sno
813 2842 945 2907 exemplo,
958 2848 984 2893 et
999 2844 1061 2893 hor-

51 2924 60 2951 ·
76 2911 129 2960 tatu
146 2909 180 2960 ad
195 2910 222 2959 id
238 2909 357 2961 officium
374 2909 487 2960 incitare
504 2911 620 2962 studeat.
639 2929 692 2955 υ-
707 2911 741 2975 (6)
758 2904 853 2963 Devoti
870 2914 919 2964 loc.
934 2914 978 2964 cit.
994 2912 1007 2980 fl
1021 2912 1063 2967 et.

79 3079 137 3136 tto.
158 3082 202 3136 Ex
216 3077 351 3136 adductis
373 3077 496 3137 parochi
515 3077 743 3154 obligationibus
765 3079 821 3138 alia
834 3081 1062 3170 sequitur3quae

49 3163 210 3240 principalis
224 3171 278 3238 est,
289 3167 319 3225 id
331 3174 376 3226 est
389 3167 528 3242 obligatio
543 3167 719 3242 residentiae,
736 3186 802 3244 quae
820 3170 915 3244 magis
931 3172 1061 3246 explica-

50 3251 136 3310 turin
158 3254 261 3312 ultimo
276 3273 294 3313 a
307 3254 384 3314 linea
400 3257 463 3330 J'am
484 3256 564 3315 citati
582 3256 686 3332 capitis
705 3257 792 3334 primi
807 3259 926 3318 concilii
940 3259 1060 3320 Triden-

51 3337 95 3398 tini
107 3345 156 3414 (1).
175 3343 227 3403 llic
245 3343 363 3418 quidem
384 3343 525 3428 sancitur,
549 3346 715 3405 Parochum
735 3363 753 3404 a
775 3349 985 3423 sua'parochia
999 3366 1061 3410 non

50 3442 128 3498 nosse
147 3431 266 3505 abesse,
287 3433 342 3492 nisi
363 3433 401 3492 ad
423 3433 563 3494 bimestre
581 3447 620 3494 ex
644 3452 734 3494 causa
755 3436 930 3510 rationabili,
952 3438 999 3498 vel
1022 3456 1061 3500 ex

50 3520 122 3587 gravi
145 3537 236 3579 causa
259 3521 298 3580 ad
321 3522 479 3594 trimestre,
499 3529 550 3582 aut
565 3523 790 3599 quadrimestre,
809 3532 843 3586 ut
855 3527 1016 3588 declaravit
1028 3533 1058 3590 S.

51 3607 368 3700 concitiicongrogado
391 3615 447 3686 (a),
472 3613 563 3673 modo
575 3613 606 3672 in
622 3620 749 3691 utroque
771 3632 844 3676 casu
862 3617 1010 3694 relinquat
1031 3617 1060 3677 in
