2490 4088
617 140 760 194 ..56..

209 262 255 319 57.
274 262 346 318 Cum
363 256 550 318 consuetudo
562 259 593 318 iu
607 259 687 320 lecto
700 259 851 334 consistat,
868 275 1035 338 numquam
1052 259 1200 337 praesumi·

174 357 236 423 tur;
256 347 310 408 sed
328 345 369 406 illi
393 363 469 405 onus
488 347 635 422 probandi
657 347 811 425 incumbit,
832 349 883 426 qui
897 367 965 411 enm
986 351 1104 425 allegat.
1129 353 1198 410 Cum

175 447 274 500 temen
288 434 427 510 quaedam
445 433 504 494 sint
519 437 749 498 consuetudines
768 438 809 498 ita
824 438 961 513 notoriae,
977 445 1010 498 ut
1024 439 1062 498 dc
1075 437 1132 497 illis
1146 439 1198 496 du·

174 525 262 588 bituri
275 539 336 582 non
357 522 460 598 possit,
476 523 546 584 hinc
560 524 590 582 in
611 525 670 584 hoc
690 543 764 586 casu
782 529 847 587 sole
860 526 1024 586 notorietes
1038 526 1158 602 probet,
1173 531 1199 584 et
1236 595 1237 602 ἵ

175 613 284 675 sufficit
294 611 540 672 consuetudinem
554 613 702 675 notoriam
716 617 855 692 allegare,
870 621 903 675 ut
915 617 1058 692 allegatur
1064 617 1114 690 jus
1129 613 1200 673 scri·

176 710 271 780 ptum.
293 705 326 760 lu
340 699 404 760 aliis
420 717 503 774 vero,
519 719 586 778 quae
601 703 676 762 adeo
690 703 721 763 in
742 705 880 765 confesso
895 722 957 764 uon
970 709 1050 777 suut,
1067 701 1200 779 probatio
1236 709 1237 712 ’

177 789 353 854 estomnino
362 789 539 864 necessum,
552 808 619 866 quae
631 793 695 852 fieri
705 800 803 868 potest
814 810 869 870 per
881 793 1016 870 publicus
1030 791 1201 868 scripturas,

177 899 232 961 per
244 880 382 957 exempla
399 895 500 939 rerum
510 880 720 957 judicatorum,
733 888 762 942 et
777 899 831 959 per
845 889 937 944 testes
950 887 1002 958 (l).

209 1031 242 1096 (l)
256 1031 392 1096 zullingon
406 1030 457 1082 loo.
474 1031 520 1083 cit.
538 1027 617 1094 2²³²·

212 1203 258 1260 58.
280 1199 506 1260 consuetudinis
525 1199 649 1260 effectus
674 1206 744 1260 suut
765 1218 773 1259 z
793 1205 822 1260 l⁰
836 1206 870 1260 ut
884 1199 1014 1276 legitime
1029 1197 1202 1274 praescripta

179 1296 284 1351 omues
301 1288 333 1347 in
351 1289 564 1361 contractibus,
582 1289 711 1365 iudiciis
728 1288 1036 1368 oaeterisqucuctibus
1055 1285 1202 1360 civilibus,

179 1386 209 1439 et
217 1377 426 1438 ecclesiasticis
439 1377 558 1453 obliget,
567 1378 635 1454 quia
646 1381 695 1453 jus
708 1394 820 1438 novum
832 1377 946 1438 inducit
956 1383 1010 1451 (υς
1023 1381 1054 1435 2⁰
1065 1381 1099 1436 ut
1109 1377 1204 1451 legem
1236 1381 1237 1390 ’

179 1467 263 1546 prius
278 1473 370 1526 totam
388 1466 613 1542 interpretetur3
627 1466 737 1526 etenim
757 1467 910 1542 utriusque
926 1465 1001 1542 J'uris
1021 1463 1204 1536 delinitione,

181 1557 298 1632 Opti-mo
321 1563 362 1614 est
385 1557 482 1631 lupum
498 1556 641 1632 interpres
656 1555 832 1623 consuetudo
851 1559 908 1628 (ῆς
923 1560 953 1614 3ο
966 1562 1000 1614 ut
1013 1555 1111 1630 legem
1125 1552 1205 1628 prius

180 1646 270 1705 latam
283 1645 468 1719 abrogetur
486 1661 546 1720 quo
560 1644 703 1719 sequitur,
719 1644 801 1720 quod
819 1642 868 1703 ille
876 1643 971 1717 jndeu
985 1658 1109 1702 eausam
1123 1656 1206 1699 sunm
1236 1667 1237 1710 3

181 1731 249 1791 lucit
281 1735 339 1806 (3),
370 1732 421 1807 qui
442 1739 547 1792 contra
572 1733 818 1795 cousuetudinem
842 1731 999 1812 probatam
1027 1729 1204 1790 sententiam

182 1821 307 1898 profert.

215 1969 249 2033 (t)
265 1969 329 2034 Arg.
345 1983 403 2036 cap.
416 1969 440 2033 9,
455 1968 489 2021 de
503 1973 621 2022 consuet.
635 1997 666 2007 -
677 1971 712 2036 (¹2)
729 1970 795 2036 (lep.
817 1971 832 2022 8
850 1971 883 2022 de
897 1971 1018 2022 consuet.¹
1036 1997 1067 2008 -·
1085 1969 1120 2035 (3)
1139 1970 1205 2020 Cau·

184 2057 252 2107 sam,
262 2042 304 2094 vel
321 2041 395 2092 litem
404 2056 481 2094 suam
490 2043 579 2093 secere
589 2043 652 2106 jure
666 2042 847 2094 Romanorum
863 2043 935 2093 idem
947 2045 1025 2093 sonet
1034 2055 1067 2092 uc
1080 2043 1151 2092 mole
1160 2043 1203 2106 ju-

184 2117 275 2168 dicare
291 2135 297 2166 ι
316 2116 388 2167 unde
411 2116 505 2180 jnten,
527 2114 574 2180 qui
593 2127 703 2167 causam
725 2127 802 2166 suem
826 2114 898 2174 facit,
923 2119 1032 2166 tenetur
1053 2115 1205 2166 domuere-
1236 2175 1237 2178 Ἴ

186 2195 291 2254 perere.
582 2217 584 2224 .

220 2375 265 2430 59.
281 2372 469 2431 Consuetudo
484 2372 644 2447 abrogatur
653 2388 708 2447 per
721 2373 808 2432 aliam
822 2370 1078 2441 cousuetudinem,
1096 2372 1208 2426 contra·

184 2459 269 2534 rimu,
284 2461 332 2519 vel
344 2477 398 2536 per
411 2463 523 2536 legem3
540 2477 608 2520 euru
620 2461 650 2528 in
669 2463 797 2521 themate
814 2463 923 2536 legum,
937 2461 1022 2535 cujus
1037 2458 1209 2533 exemplum

185 2549 276 2607 refert
289 2550 484 2621 consuetudo,
505 2549 577 2608 illud
597 2551 782 2622 observetur,
801 2549 882 2625 quod
896 2551 946 2608 lex
960 2547 1108 2624 posterior
1123 2547 1210 2606 dero·

186 2645 236 2712 gat
257 2637 357 2712 priori.
371 2644 411 2697 ut
426 2639 589 2698 notandum
609 2639 640 2698 id
662 2639 783 2715 intelligi
798 2641 835 2700 de
851 2639 1078 2712 consuetudine,
1103 2645 1132 2698 et
1146 2640 1209 2712 lege

187 2726 356 2800 universali,
371 2745 437 2802 quae
455 2745 487 2786 se
508 2733 613 2789 mutuo
626 2730 796 2802 destruuut3
813 2745 883 2788 uam
897 2731 943 2788 lex
961 2727 1137 2788 universalis
1152 2743 1210 2786 uon

186 2815 262 2874 tollit
275 2817 521 2876 cousuetudinem
534 2817 742 2894 particularem
756 2819 880 2894 alicujus
892 2817 960 2892 loci,
977 2818 1015 2878 de
1029 2833 1087 2893 que
1101 2817 1210 2876 nullam

185 2902 509 2979 fecitmentionemlt).
747 2902 749 2906 ’

225 2996 274 3055 llis
292 2997 435 3072 expositis
447 2998 562 3071 dejure
582 2998 789 3068 constituente,
809 2996 847 3054 ed
863 2996 914 3072 jus
935 2994 1129 3055 constitutum
1143 3011 1212 3069 pro-

75 3107 76 3110 *
189 3086 351 3160 eredimur,
367 3087 451 3161 cujus
465 3087 614 3162 objectum
628 3085 735 3162 triplex
752 3091 807 3158 est,
817 3101 942 3160 nempe:
958 3099 1167 3159 personarum,
1184 3088 1213 3140 et

187 3173 306 3249 jndicio.
321 3178 459 3233 Personae
474 3175 604 3250 quidem,
616 3175 722 3250 quibus
741 3176 791 3250 jus
808 3172 957 3244 redditur;
976 3189 1035 3246 reS,
1056 3171 1213 3249 dequibus

190 3263 336 3408 {edultum
349 3267 378 3322 et
388 3263 508 3338 judicie,
525 3255 676 3340 quomodo
693 3263 835 3323 redditur.
858 3260 932 3320 llino
945 3279 963 3320 a
975 3260 1113 3337 personis
1125 3275 1211 3318 exor-

213 3367 299 3410 rmur.

184 3461 186 3466 Ι
225 3489 259 3552 (l)
273 3490 336 3555 Cep.
353 3490 375 3552 t,
389 3490 423 3543 de
437 3491 543 3542 constit.
558 3491 587 3541 in
600 3491 623 3543 6.
638 3491 682 3543 Ad
696 3478 843 3544 tollendum
865 3489 1086 3544 consuetudinem
1106 3489 1211 3554 specia-

193 3561 245 3613 lem
263 3560 382 3614 locorum
405 3563 553 3627 requiritur
565 3577 692 3628 expressa
711 3563 887 3617 declaration
905 3561 1035 3615 Pontifice
1060 3561 1139 3626 iectu,
1152 3574 1212 3612 ma·
