2468 4090
465 217 571 274 -tta
595 247 625 258 -

47 347 87 398 'ns
97 345 177 399 erunt
190 343 305 398 tantum
316 344 378 398 tres
390 338 422 397 in
439 337 585 398 honorem
599 336 749 415 praecipue
762 341 795 397 n.
812 334 890 398 Petri
904 335 1050 414 Principis

52 429 234 502 Apostolorum
259 426 544 502 institutae,.nempe
567 433 700 488 Romana
721 432 751 487 et
769 427 961 501 Antiocheno,
975 444 1051 504 quas

52 516 99 591 ipse
110 533 158 592 per
170 533 213 590 se,
228 521 258 576 et
271 515 479 589 Alexandrina,
494 532 584 591 quam
602 533 657 592 per
674 515 852 592 discipulum
871 532 958 575 suum
973 520 1048 575 llar-

52 605 291 664 emundaverat.
307 605 357 663 llis
370 603 620 665 patriarchatihus
635 604 742 664 deinde
762 611 957 666 accesserunt
971 608 1047 665 Con·

25 755 26 766 ,
51 693 315 769 stantinopolitanus,
330 701 359 753 et
374 693 669 769 hierosolymitanus,
684 710 813 770 quorum
827 694 941 770 primus
965 692 1049 754 insti-

24 813 26 828 >
51 788 113 840 tutus
122 783 171 842 luit
179 782 210 841 in
224 783 372 842 honorem
385 781 521 857 imperii,
538 783 689 842 secundus
703 799 776 842 uero
787 783 818 842 in
832 783 979 843 honorem
994 787 1050 842 ile-

50 869 153 945 igionis,
176 878 210 930 nt
232 869 283 929 uhi
304 869 455 946 religionis
475 887 518 947 inp
527 871 617 932 steria
637 877 846 932 consummata·
862 871 994 945 fuerunt,
1013 870 1053 930 ihi

50 961 126 1035 major
134 960 292 1020 haberetur
303 960 452 1036 dignitatis
461 958 669 1020 ecelesiastica
682 960 792 1036 gradus
804 966 854 1033 (t).
870 965 942 1019 sunt
951 967 1050 1020 temen

51 1054 72 1106 et
84 1048 134 1123 alii,
146 1049 196 1126 qui
208 1049 330 1109 nomine
344 1055 432 1108 tenus
451 1048 628 1109 Patriarohae
650 1051 849 1126 appellantur,
863 1049 907 1108 uti
923 1047 1052 1109 Patriar·

51 1137 92 1194 aha
102 1143 233 1211 Venetus,
248 1138 418 1197 Patriarcha
431 1136 600 1211 indiarum3
616 1138 669 1198 sed
682 1139 722 1211 hi,
733 1139 779 1198 vel
790 1137 967 1198 Patriarchae
980 1138 1051 1197 titu-

50 1226 117 1301 larcs,
134 1236 163 1288 et
179 1227 342 1302 honorarii,
356 1229 405 1288 vel
422 1227 522 1304 potius
544 1228 687 1288 Primates
705 1234 775 1288 sunt
789 1227 981 1305 nuncupandi
997 1234 1007 1301 (
1026 1229 1048 1298 ).

73 1383 99 1447 (l)
113 1383 182 1436 hicet
193 1386 270 1450 juxta
288 1385 360 1437 hunc
376 1385 497 1438 ordinem
518 1385 597 1438 sedes
618 1384 816 1437 patriarchales
828 1387 889 1449 post
902 1383 1052 1435 Romanam

51 1453 159 1506 deberent
171 1470 231 1508 esse
244 1456 436 1516 Alexandrina,
447 1457 624 1518 Antiocheno,
637 1455 940 1522 Constantinopolitano,
951 1459 978 1506 et
990 1455 1053 1506 ldie·

51 1527 238 1590 rosolymitana;
253 1532 343 1579 tamen
362 1541 379 1578 a
396 1527 508 1579 concilio
532 1527 707 1578 lateranensi
723 1528 760 1578 lV
774 1527 826 1577 sub
840 1527 997 1578 Innocentio
1014 1525 1053 1576 111

51 1596 128 1648 itatnit
140 1603 270 1649 statutum
286 1619 292 1648 ι
308 1597 339 1651 tn
349 1603 405 1664 post
420 1598 571 1651 Romanmn
585 1596 736 1660 Ecclesiam,
753 1611 818 1664 que,
836 1597 990 1662 disponente
1003 1594 1054 1648 Ilo-

50 1667 115 1730 nino,
135 1675 319 1733 super‘omnes
332 1669 401 1722 alias
418 1669 566 1720 ordinaria
584 1669 721 1734 potestatis
740 1668 838 1722 retinet
855 1668 1052 1734 principatum,

51 1736 329 1806 tentantiaopotitana
350 1741 481 1806 primum,
503 1739 688 1792 Anaandmna
714 1739 870 1796 seeundum,
890 1737 1054 1790 Antiocheno

51 1811 150 1874 tertium,
165 1815 191 1864 et
207 1811 452 1878 Hierosolymitana
466 1815 594 1876 qnantum
607 1811 694 1863 locum
705 1810 833 1866 obtineat.
847 1811 913 1862 Haec
932 1807 1053 1874 praelatio

50 1882 106 1932 sedis
119 1883 418 1948 Constantinopolitanae
433 1884 603 1934 inhonorem
619 1883 725 1947 imperii
743 1882 874 1948 requisita
884 1884 943 1947 jam
965 1881 1056 1932 luerat

51 1952 76 2001 ah
87 1967 149 2006 anno
163 1955 207 2006 lat
224 1969 240 2005 a
253 1955 381 2006 Patribus
395 1955 500 2006 concilii
522 1953 739 2015 calcedonensis,
757 1967 839 2018 quam
852 1958 942 2004 tamen
959 1953 986 2002 S.
1000 1952 1054 2004 Leo

50 2025 119 2076 noluit
128 2026 260 2088 probare;
276 2032 303 2078 et
316 2027 402 2077 solnm
417 2040 466 2092 pro
479 2026 549 2077 hono
559 2027 634 2090 pacis
647 2039 691 2075 an.
703 2023 764 2075 1215
777 2025 806 2074 in
819 2025 863 2076 cit.
879 2022 1054 2076 Lateranensi

50 2097 142 2148 concilio
166 2097 218 2148 init
239 2098 363 2164 proheta,
388 2103 415 2148 et
437 2097 608 2162 postmodum
628 2096 805 2147 aBenedicto
825 2095 866 2146 XI
888 2095 1054 2148 confirmata.

50 2164 140 2218 intrav.
154 2163 258 2222 Sancta
275 2167 397 2222 nomana
413 2168 447 2219 de
474 2168 550 2220 elect.
568 2169 619 2218 int.
642 2181 709 2218 com.
725 2193 755 2206 -·
777 2166 813 2231 (2)
835 2165 1056 2218 patriarcharum

49 2240 164 2302 najornm
176 2241 309 2292 institutio
325 2255 341 2291 a
354 2241 386 2290 D.
405 2241 495 2302 Petro,
511 2239 685 2304 etApostolis
699 2237 846 2306 repetenda
858 2243 908 2302 est,
924 2236 995 2302 quod
1012 2237 1053 2286 in·

49 2307 185 2362 dubitatum
198 2311 315 2374 videtur,
330 2312 353 2362 si
365 2311 399 2362 de
414 2311 544 2374 Romano,
566 2310 733 2362 Antiocheno
756 2314 786 2361 et·
799 2308 978 2360 alexandrino
1001 2308 1055 2358 Pa·

49 2380 149 2433 triarcha
162 2397 251 2434 sermo
264 2383 317 2433 sit:
332 2396 396 2434 nam
408 2382 466 2446 ipse
482 2382 581 2433 Petrus
593 2381 644 2432 has
658 2380 794 2432 Ecclesiae
814 2380 937 2432 fundavit
950 2383 977 2430 et
995 2391 1057 2429 con·

49 2448 174 2504 decorarit.
188 2454 253 2519 lpse
265 2453 374 2519 quidem
386 2452 536 2505 Ecclesiam
549 2451 743 2503 Antiochenam
752 2454 855 2516 septem
869 2451 947 2502 annis
956 2449 1056 2515 guber·

48 2525 124 2585 navit;
138 2525 287 2576 Romanam
299 2525 377 2576 aunis
392 2525 423 2575 25
438 2527 465 2576 et
489 2523 699 2574 Alexandrinam
722 2537 773 2588 par
791 2522 952 2589 discipulum
975 2533 1055 2572 suum

49 2591 153 2646 Marcum
167 2596 359 2661 evangelistam
376 2595 582 2648 administravit.
597 2595 712 2660 insuper
722 2595 865 2646 celebritas
878 2591 1054 2644 ecclesiarum

48 2667 254 2725 patriarchalium
276 2668 464 2732 antiquissima
479 2669 538 2726 est;
560 2678 648 2732 neque
671 2665 700 2716 in
713 2666 803 2732 aliquo
824 2664 936 2716 concilio
957 2663 1054 2715 harum

48 2737 208 2790 ecclesiarum
231 2738 436 2805 praeeminentia
457 2738 583 2803 primitus
603 2742 719 2803 apparet
738 2737 892 2788 constituta.
912 2737 949 2787 nt
971 2748 1004 2786 ex
1024 2733 1052 2784 S.

47 2806 178 2870 angustini
192 2810 287 2874 regula
301 2830 307 2860 :
323 2809 397 2876 Quod
409 2808 537 2863 ninivense
551 2812 621 2862 tenet
636 2805 762 2870 Ecclesia,
776 2821 824 2860 nec
842 2806 962 2860 conditis
975 2807 1053 2862 insti·

48 2879 142 2946 tutum,·
155 2881 201 2933 sest
211 2895 315 2946 semper
323 2884 459 2933 retentum
472 2883 527 2941 est,
541 2879 651 2934 nonnisi
659 2880 821 2934 aserenon
833 2879 985 2944 apostatica
999 2883 1054 2934 tra·

47 2948 122 3003 tilam
133 2952 279 3007 rectissime
292 2951 420 3006 ereditur.

73 3150 130 3206 rto,
154 3147 242 3206 Plura
264 3146 335 3206 olim
358 3153 443 3206 erant
462 3146 530 3223 jura
552 3145 811 3218 Patriarcharum3
839 3145 895 3220 ipsi
917 3143 1056 3220 profecto

46 3233 234 3311 llotropolitas
255 3234 442 3308 ordinabant,
457 3233 701 3310 appellationesa
723 3233 913 3309 Metropolitis
931 3231 1056 3307 recipie-

46 3319 117 3397 hant,
137 3324 300 3399 Episcopcs
312 3322 473 3399 provinciae
495 3324 677 3399 negligentes
694 3324 733 3383 ad
751 3323 883 3384 officium
896 3325 1054 3398 vocabant,

46 3413 205 3483 graviorum
225 3413 379 3488 culparum
400 3412 616 3472 absolutionem
637 3412 692 3472 sibi
714 3412 915 3486 reservabant,
940 3412 1056 3490 aliaque

46 3501 121 3572 plura
130 3502 288 3575 iaciebant,
300 3519 367 3578 quae
378 3502 417 3561 ad
431 3501 520 3562 totius
535 3501 695 3579 provinciae
711 3502 824 3562 honum
839 3501 972 3578 regimen
984 3519 1055 3579 per-

46 3588 177 3652 tinebant.
190 3597 226 3652 At
240 3609 330 3667 nunc,
346 3607 415 3652 cum
429 3598 556 3668 quatuor
576 3591 697 3651 orientis
710 3591 922 3667 patriarchales
937 3591 1057 3654 sedesa

790 3789 805 3834 p
