2546 4082
177 341 276 404 Poeuis
289 341 378 403 mem
390 341 606 418 temporalibus
619 341 792 419 plectuntu-
805 337 949 411 heretici,
967 335 1011 396 uti
1029 341 1072 397 est
1084 335 1153 394 inia-
1244 409 1245 428 χ

141 431 201 492 mia
215 429 292 508 juris
306 433 358 504 (l),
382 430 548 492 inhabilites
566 431 604 491 ad
617 431 766 502 honores,
780 427 878 488 officie
892 424 1022 503 publice,
1036 431 1065 485 et
1077 430 1153 484 actus

141 519 242 585 dvilcs
254 523 310 592 (5),
325 536 416 596 poena
435 519 597 598 muueris
612 526 643 580 et
655 517 791 595 corporis
807 515 946 581 afflictiva
964 535 971 574 :
987 531 1057 576 nam
1068 515 1152 574 haere

141 606 191 672 oct
207 624 269 668 non
292 613 362 667 sunt
384 615 500 670 tautum
519 609 558 668 ad
578 608 807 670 conversionem
826 603 986 677 invitandi,
1009 603 1153 664 sedetiam

141 696 222 756 omni
235 695 352 756 meliori
360 697 451 757 modo
463 698 660 774 compellendi
670 701 720 771 (o).
736 701 898 772 Propterea
910 692 1042 753 Ecclesia
1051 690 1151 752 eonsti-

140 785 206 859 tuit,
221 790 253 844 ut
263 783 430 858 hacreticus,
440 784 582 862 quispem
592 784 794 846 conversionis
810 800 871 843 nou
878 781 1030 858 relinquit,
1039 778 1151 840 brachio

138 872 293 950 potestatis
312 874 464 934 saectrlaris
482 875 651 952 puniendus
664 875 808 947 tradatur,
823 879 853 934 et
866 877 899 932 ut
912 870 1083 946 imperialis,
1097 868 1152 928 sive
1245 881 1246 884 ’

136 963 193 1023 alie
209 979 406 1040 quaeeumue
419 980 560 1040 suprema
578 963 609 1024 in
624 969 702 1024 statu
717 969 849 1040 potestas
867 958 1014 1021 catholica
1026 963 1152 1020 tenmtm

134 1051 166 1114 in
178 1052 335 1114 haerehcos
349 1052 463 1114 meritis
479 1053 578 1130 poenis
593 1053 857 1124 animadvertere(
875 1055 897 1126 ).

166 1198 202 1264 (l)
216 1200 282 1252 Gan.
297 1201 335 1264 il,
353 1201 417 1254 dist.
431 1203 453 1264 t,
466 1199 500 1252 de
519 1200 615 1268 poenit.
629 1228 660 1237 -
671 1199 707 1266 (t)
722 1199 789 1266 Gap.
802 1197 828 1258 l,
842 1199 877 1250 de
891 1198 986 1251 haeret.
1000 1197 1030 1249 iu
1042 1196 1067 1249 6.
1083 1195 1153 1248 Ratio

134 1272 225 1321 auem
239 1271 274 1322 oh
289 1287 370 1339 quam
387 1273 421 1324 ab
435 1273 534 1324 heresi
547 1286 601 1324 non
616 1275 705 1336 potest
715 1271 865 1337 Episcopus
879 1270 1019 1322 absolvere
1033 1270 1062 1320 in
1076 1267 1153 1319 tribu·

134 1340 191 1392 nali
205 1343 385 1407 poenitentis.
403 1343 468 1396 dum
491 1343 527 1394 ab
544 1357 577 1395 ea
598 1343 713 1394 absolvit
736 1343 764 1392 in
787 1341 916 1392 tribunali
939 1342 1081 1402 exteriore,
1102 1339 1156 1390 hec

134 1423 195 1468 esse
210 1413 326 1476 videtur,
347 1416 411 1482 quia
425 1415 455 1466 iu
478 1414 525 1466 illo
548 1414 704 1480 proceditur
727 1414 786 1465 sine
809 1413 924 1466 testibus
938 1412 997 1466 ane
1012 1412 1097 1465 forma
1114 1411 1155 1476 ja·
1246 1433 1247 1442 κ

134 1481 207 1542 dicii,
239 1490 267 1536 et
288 1485 451 1552 appellatio,
472 1489 519 1538 aut
541 1499 667 1538 recursus
687 1499 740 1538 non
768 1487 873 1546 datur;
901 1497 965 1540 cum
987 1497 1022 1536 ex
1048 1482 1155 1534 adverso

134 1553 296 1607 insecundo
312 1559 377 1608 casu
393 1558 479 1608 torma
497 1556 614 1621 publiea,
630 1559 657 1607 et
674 1560 757 1608 testes
781 1555 952 1614 adhibentur,
967 1557 994 1606 et
1016 1553 1156 1624 appellatio

133 1634 166 1675 ac
179 1639 305 1678 recursus
319 1628 353 1678 ad
367 1629 535 1692 superiorem
558 1626 721 1687 admittitur,
740 1631 771 1679 ut
788 1627 947 1680 emendetur
965 1627 990 1678 si
1011 1623 1077 1692 quid
1089 1624 1155 1676 mela

132 1700 240 1759 gutum
253 1703 303 1750 est.
324 1697 459 1750 Ceterum
479 1701 508 1750 in
529 1712 658 1763 processu
681 1699 859 1765 abjurationis
881 1698 995 1750 haeresis
1010 1698 1097 1764 primo
1110 1709 1157 1762 per

132 1765 317 1828 ordinarium,
340 1771 381 1822 vel
405 1771 466 1834 ejus
483 1769 635 1834 delegatum
655 1769 810 1822 deridebat
833 1769 985 1836 abjurantis
1008 1769 1157 1825 instructio.

132 1843 163 1888 ut
180 1843 293 1904 constet,
308 1854 369 1892 eum
391 1855 455 1892 vere
475 1855 538 1894 suos
560 1855 665 1896 errores
684 1842 881 1908 reprobasset
904 1855 964 1892 esse
985 1840 1015 1895 in
1038 1840 1158 1892 doctrine
1247 1883 1248 1886 ,

131 1908 284 1962 Christiana
306 1911 470 1964 sufficienter
490 1914 660 1963 instructum.
685 1913 808 1965 Secundo
831 1915 888 1977 ipse
915 1911 1045 1978 abjurans
1070 1925 1157 1964 coram

130 1978 285 2044 Ordinatio,
305 1982 349 2033 vel
367 1985 427 2048 ejus
441 1983 573 2048 delegato,
588 1986 616 2035 ct
633 1985 740 2035 duobus
755 1985 849 2036 saitem
864 1983 989 2048 testibus
1006 1987 1034 2036 et
1048 1983 1152 2050 publice

130 2050 212 2102 dehet
226 2051 300 2103 clara
312 2067 378 2105 voce
388 2055 529 2107 formulam
542 2054 720 2120 abjurationis
733 2056 833 2120 legere,
847 2061 874 2108 et
883 2057 1068 2115 subscribere,
1082 2059 1157 2122 cujus

129 2135 252 2177 normam
276 2124 383 2178 exhibet
398 2139 493 2178 canon.
509 2125 564 2192 Epo
580 2126 757 2191 Bercapottus
775 2128 815 2188 tt.
831 2128 896 2180 dist.
918 2128 982 2179 lde
1008 2131 1153 2180 consecrat

129 2193 220 2246 Tertio
234 2193 316 2248 debet
328 2199 514 2262 jurameutum
538 2199 661 2250 emittere
682 2199 715 2252 de
729 2199 847 2263 parendo
861 2199 997 2252 mandatis
1018 2200 1153 2266 Ecclesiae,

129 2269 156 2314 et
170 2265 204 2315 de
215 2279 269 2318 non
282 2269 473 2320 committendo
486 2271 665 2336 imposterum
678 2269 777 2322 delicta
790 2275 900 2337 propter
913 2285 975 2337 quae
988 2271 1018 2321 in
1031 2271 1155 2323 haeresim

127 2335 230 2387 incidit.
243 2339 308 2402 Arg.
323 2353 382 2390 cau.
399 2340 426 2390 lo
439 2343 466 2390 et
482 2341 518 2404 tt,
534 2340 567 2391 de
583 2345 651 2392 sent.
667 2355 780 2403 excom.;
792 2347 819 2393 et
830 2344 951 2394 emittere
963 2343 1154 2406 professionem

127 2405 190 2456 fidei
203 2409 282 2471 Juxta
296 2410 439 2461 formulam
455 2412 496 2462 Pii
521 2412 603 2476 Papae
617 2413 666 2463 lv.
683 2412 785 2474 Quarto
808 2413 924 2478 denique
946 2414 980 2464 ab
1002 2413 1153 2472 Ordinerio,

127 2477 169 2529 vel
181 2479 240 2543 ejus
255 2479 389 2544 delegato,
406 2481 494 2534 danda
509 2486 550 2534 est
564 2483 671 2550 private
685 2483 813 2535 sciemus
828 2485 998 2548 poenitentia,
1014 2489 1042 2536 et
1064 2487 1155 2552 postea

127 2549 289 2614 proterenda
303 2554 345 2603 est
367 2554 501 2604 sententie
518 2553 696 2606 absolutionis
717 2567 734 2606 a
756 2555 879 2607 censuris
901 2559 1011 2622 propter
1030 2555 1154 2608 haeresim

127 2623 282 2680 contractis,
305 2626 332 2674 et
357 2625 540 2676 restituendus
564 2628 605 2676 cst
628 2627 804 2678 sacramentis
826 2627 964 2686 Ecclesiae,
988 2631 1017 2681 et
1036 2627 1154 2680 fidelium

125 2693 307 2744 communioni
321 2694 349 2744 iu
358 2696 467 2747 nominc
476 2696 578 2760 Patris,
593 2698 711 2748 stultit.
725 2697 803 2749 Rom.
819 2698 852 2750 de
868 2699 953 2750 absol.
963 2698 997 2750 ab
1013 2712 1117 2751 excom.
1128 2699 1153 2750 in

124 2760 174 2812 ior.
191 2766 276 2815 exter.
290 2770 317 2816 et
332 2765 503 2818 Baruffaldus
519 2767 552 2817 ed
566 2767 619 2818 dio.
634 2769 730 2830 rubr.;
745 2769 792 2819 ubi
808 2770 888 2834 plura
901 2770 955 2820 alia
972 2770 1044 2820 scitu
1061 2784 1150 2822 neces·

125 2833 199 2884 saria
213 2834 395 2887 inveniuntur.
417 2837 452 2888 Hi
477 2838 546 2889 ritus
562 2852 616 2890 non
637 2839 774 2904 pertinent
787 2840 822 2890 ad
836 2841 1002 2892 validitatem
1017 2843 1152 2892 sententie

124 2903 321 2969 absolutionis;
335 2908 416 2960 immo
431 2909 459 2960 in
476 2910 553 2976 praxi
568 2911 735 2970 omittuntur,
750 2925 812 2962 cum
823 2912 912 2976 agitur
930 2913 964 2964 de
985 2913 1151 2977 abjuratione

122 2973 236 3028 heresis
252 2978 278 3028 in
294 2992 334 3042 eo,
349 2980 396 3044 qui
418 2980 445 3032 in
466 2981 565 3032 haeresi
584 2986 664 3034 natus
691 2988 779 3036 est-
796 2983 832 3048 (3)
856 2985 922 3048 Cap.
947 2984 971 3047 8,
985 2985 1000 3038 9
1016 2986 1044 3040 et
1060 2985 1098 3044 13,
1121 2985 1150 3038 de

119 3044 214 3100 haeret.
230 3047 325 3100 lisdem
336 3051 425 3116 poeuis
439 3052 622 3117 subjiciuntur
638 3053 829 3105 hereticorum
841 3055 969 3114 lautores,
986 3059 1148 3122 receptores,

122 3121 149 3166 et
163 3117 327 3171 defensores.
344 3149 374 3158 -
388 3121 423 3187 (l)
438 3123 501 3174 Can.
526 3124 565 3185 il,
579 3138 602 3174 c.
618 3125 641 3183 6,
668 3138 693 3189 q.
721 3125 742 3175 l.
757 3125 837 3177 Unde
851 3126 901 3177 hoc
914 3126 1016 3177 malum
1031 3141 1048 3177 a
1068 3128 1149 3179 sacris

122 3189 271 3240 canonibus
290 3191 389 3242 dicitur
401 3192 519 3258 sedites,
535 3194 623 3257 pestis,
639 3195 710 3247 labes
731 3195 865 3260 heretico,
878 3201 950 3250 recto
963 3196 1149 3252 abominabilis

120 3259 146 3310 ct
159 3257 329 3320 detestabilis,
344 3264 508 3318 asserendae
518 3278 605 3328 error,
615 3270 640 3320 ct
653 3268 807 3332 centuplata
819 3267 976 3326 committa
989 3295 1021 3316 -.-
1032 3269 1068 3335 (5)
1085 3269 1146 3336 Gap.

123 3327 160 3408 ¹3:
176 3327 338 3394 flGrcdcntcs
356 3333 389 3384 de
404 3333 497 3387 haeret.
514 3336 541 3386 in
555 3350 607 3404 quo
621 3337 784 3397 decernitur.
800 3337 956 3390 haereticum
970 3340 1095 3396 amittere
1109 3341 1121 3397 f
1135 3367 1145 3378 ·

121 3403 235 3449 ctionem
250 3405 402 3457 testamenti
422 3407 545 3466 activam,
566 3412 592 3458 et
613 3409 760 3474 passivam,
780 3423 829 3460 uec
844 3423 924 3474 posse
941 3423 1000 3462 esse
1019 3412 1144 3478 judicem,

120 3474 167 3519 eut
188 3469 356 3533 advocatum,
383 3479 429 3525 aut
449 3479 594 3529 notarium.
618 3479 770 3531 Haereticus
793 3486 925 3545 praeterea
947 3482 1072 3548 privatur
1087 3485 1144 3548 jure

119 3539 291 3608 testificandi,
303 3543 451 3598 honoribus
464 3547 599 3612 civilibus,
615 3553 642 3601 et
656 3550 847 3603 ecelesiasticis
857 3551 1017 3617 privilegiis.
1030 3556 1071 3604 An
1085 3567 1142 3606 vero

118 3611 242 3676 privetur
256 3613 338 3667 etiam
356 3617 554 3681 jurisdictione,
573 3620 712 3686 disputant
730 3623 870 3682 nocurcs.
893 3623 948 3684 hed
962 3630 1031 3684 stila
1043 3625 1139 3692 arms»
