2566 4102
583 171 708 229 mr..

132 291 416 359 indifferentissimum,
433 297 464 346 ut
485 297 559 360 patet
578 310 611 346 er
634 294 734 359 Syllab.
751 305 828 359 prop.
851 294 875 359 t,
901 294 1011 361 tenue
1031 295 1068 347 15.
1088 289 1162 348 'Vitas

131 367 266 420 honestati
288 367 497 432 epicureismum
516 371 543 418 ot
563 365 800 429 materialismum,
820 365 864 418 cit.
881 379 959 432 prop.
987 368 998 417 l
1023 369 1051 418 ct
1068 368 1118 428 ⁵83
1132 369 1161 418 et
1269 401 1270 408 .

128 439 242 505 justitias
269 451 301 490 ac
325 439 410 490 amori
433 439 617 502 proximorum
644 449 744 501 purum
770 437 998 502 sceptioissimum
1026 450 1103 505 prop.
1128 437 1161 488 59

130 513 158 562 et
187 510 226 560 et.
243 511 286 560 tta
307 509 379 562 enim
403 508 545 562 effutiunt:
564 508 629 562 Atia
646 506 717 560 uires
736 520 791 560 non
819 513 882 562 sunt
902 509 1082 574 opnosccuda,
1105 508 1162 562 nisi
1269 527 1270 576 t

130 579 263 646 ittaque
279 579 310 631 iu
329 580 447 634 materia
468 581 559 646 posita
578 582 651 640 mat,
672 581 696 630 et
718 580 806 631 omnis
827 591 934 631 morum
951 577 1095 643 disciplina
1115 579 1161 631 lto-
1269 581 1270 600 ¹

130 657 269 716 aestasque
286 650 410 703 colorent
430 650 503 704 debet
521 652 552 703 tn
575 647 747 703 cumulandis
763 655 787 702 et
806 649 936 715 uwoudis
962 650 1055 716 queas
1080 649 1162 702 mode

131 721 243 784 diuitiis,
257 735 289 773 oo
300 723 331 775 in
345 721 525 788 uoluptatibus
541 719 747 787 captonnaco.
758 735 836 788 prop.
853 722 892 772 58.
908 720 1007 773 Omnia
1019 721 1163 775 lominum
1269 743 1270 790 i

131 792 223 857 elfino
234 796 297 845 sunt
310 805 410 844 nomm
422 793 515 852 inane.
529 795 555 846 et
569 791 662 844 omnio
678 788 800 844 tumouu
812 791 890 857 sacto
897 791 974 859 juris
986 791 1042 843 uim
1050 791 1160 852 halem,

132 864 178 914 cit.
192 876 269 929 prop.
285 865 329 925 593
344 869 370 915 et
384 864 438 914 alia
452 864 631 930 similiaque
643 878 723 916 aures
737 863 832 914 audire
846 865 1013 914 recusant·
1029 863 1064 925 (7)
1080 863 1160 915 Joan.
1269 863 1270 926 ζ

133 935 195 984 Ant.
211 934 347 999 Zatlinger
361 935 429 986 inst.
444 935 503 996 tur.
524 936 600 1000 eccl,
621 950 645 986 c.
666 936 690 994 t,
705 950 732 986 n.
748 935 787 986 29.
803 962 835 970 -
854 935 887 998 (8)
901 933 1046 985 Gratianus
1060 935 1093 985 ad
1113 937 1162 999 jus
1247 951 1270 1000 ,¹

131 1004 258 1055 Gentium
274 1009 381 1057 revocat
396 1007 501 1058 sedium
521 1006 669 1070 hostilium,
685 1021 735 1058 seu
749 1005 904 1056 vacantium
926 1005 1073 1071 occupatio,
1091 1007 1164 1056 aedi-
1269 1019 1270 1072 ξ

133 1075 230 1134 ficatio.
250 1077 374 1141 munitio,
389 1077 470 1141 bella,
486 1077 663 1143 captivitates,
684 1077 838 1140 servitutes,
852 1077 1027 1140 postliminia,
1046 1077 1163 1140 loedera,
1269 1073 1270 1084 ²

132 1159 222 1210 paces,
233 1147 359 1210 induciae,
373 1147 521 1212 legatorum
536 1161 591 1199 non
604 1149 793 1201 violandorum
807 1147 911 1211 religio,
929 1155 956 1198 et
970 1147 1105 1198 connubia
1119 1149 1162 1198 in·

132 1220 176 1270 ter
199 1218 365 1282 alienigenas
386 1219 532 1283 prohibita,
559 1219 663 1272 scilicet
683 1221 754 1272 inter
776 1217 960 1270 Christianum
977 1223 1004 1270 et
1023 1217 1185 1283 gentilem„
1269 1211 1270 1236 ³

111 1333 113 1336 .
133 1292 180 1340 aut
193 1289 322 1354 judaeem‚
336 1291 383 1340 aut
396 1289 563 1344 haereticom.
577 1290 642 1342 Can.
654 1291 678 1356 3,
688 1291 751 1343 dist.
763 1289 786 1356 l,
799 1293 826 1341 et
839 1303 898 1341 ean.
912 1290 949 1354 15,
964 1303 987 1342 c.
999 1291 1038 1343 28.
1055 1289 1080 1340 9.
1093 1291 1115 1340 t.
1130 1317 1162 1328 -
1269 1355 1270 1358 Ἴ

134 1359 167 1425 (9)
181 1359 282 1425 Syllab.
298 1373 374 1427 prop.
390 1360 429 1412 39.

169 1513 196 1568 3.
214 1515 266 1569 tus
284 1510 417 1570 divinum
433 1509 593 1586 positivum
621 1512 661 1572 ita
677 1511 805 1585 dictum,
831 1486 901 1587 quia
913 1510 968 1570 luit
985 1518 1094 1586 praeter
1111 1512 1163 1587 jus
1269 1521 1270 1546 ³

61 1651 62 1654 ,
134 1601 268 1659 naturale
283 1600 412 1682 positum
424 1605 470 1659 est
482 1600 621 1660 uoluntas
635 1601 688 1660 net
696 1599 864 1660 maianus
880 1617 933 1676 per
952 1601 1162 1662 revolutionum
1269 1613 1270 1662 ξ

133 1687 291 1764 publicato,
305 1705 364 1764 quo
376 1690 561 1763 opposuimus
575 1689 678 1766 atauo
689 1705 748 1749 esse
759 1688 904 1764 fucanda,
924 1689 995 1764 quio
1006 1697 1162 1766 precata,
1269 1707 1270 1766 j

135 1785 162 1846 ct
175 1777 277 1852 aliquo
291 1793 349 1836 esse
362 1778 513 1852 sumendo,
529 1779 600 1854 orsio
612 1779 768 1854 prohibitu.
778 1782 841 1837 lloc
850 1777 958 1836 iterum
965 1778 1015 1853 J'us
1024 1777 1160 1838 divinum
1269 1783 1270 1786 ’

134 1865 337 1926 necessarium
353 1872 408 1939 est,
423 1872 454 1925 et
467 1865 566 1953 diuina
579 1867 761 1927 revelatione
776 1866 944 1926 necessario
972 1866 1163 1927 manifestan-

135 1952 217 2013 dum.
234 1955 370 2014 Profecto
383 1954 481 2029 ipsum
492 1957 541 2030 jns
556 1956 700 2030 naturale,
711 1961 743 2014 et
755 1956 886 2014 humana
899 1954 975 2014 ratio
989 1955 1091 2031 nequit
1104 1972 1162 2031 per
1269 1997 1270 2014 .

136 2059 169 2102 se
187 2059 291 2102 omnes
311 2043 462 2118 religionis
479 2035 617 2104 veritates
638 2052 721 2104 certo
746 2044 944 2104 determinare
969 2060 1056 2103 :non
1080 2045 1162 2106 eninr

137 2139 220 2192 certo
234 2131 332 2206 docet,
347 2133 509 2208 quomodo,
524 2140 554 2193 et
568 2133 676 2208 quibus
687 2133 839 2194 sacrificiis
853 2133 891 2192 sit
902 2137 979 2192 Deus
992 2132 1157 2207 colenda,

136 2226 166 2280 et
180 2222 331 2296 quomodo
345 2222 435 2282 homo
447 2229 516 2297 post
529 2228 687 2298 percnum
701 2229 791 2298 queat
805 2227 866 2282 lteo
882 2220 1079 2296 reconciliari,
1094 2239 1164 2298 quae

137 2307 277 2384 primaria
289 2317 369 2383 eunt,
380 2317 410 2370 et
421 2310 522 2389 magis
529 2311 698 2370 necessaria
707 2310 857 2387 religionis
867 2310 1012 2386 principia
1020 2315 1071 2384 (t).
1083 2315 1163 2387 Ergo

69 2431 71 2435 ·
136 2415 206 2458 oum
219 2400 299 2458 nullo
317 2400 375 2458 alio
391 2399 482 2480 modo
494 2400 559 2459 hoec
573 2399 716 2476 cognosci
730 2405 946 2475 coaequant,
960 2417 1051 2476 quarn
1062 2399 1164 2460 divina
1269 2443 1270 2446 ,

135 2487 327 2562 revelatione,
343 2487 408 2564 ipsa
422 2488 521 2548 divina
535 2489 678 2549 revelatio
697 2495 743 2549 est
754 2488 933 2562 necessaria,
946 2495 976 2548 et
990 2488 1163 2549 necessaria

136 2593 173 2635 eo
186 2577 289 2650 modo,
303 2584 337 2638 ut
348 2594 453 2638 omncs
466 2577 606 2638 veritates
626 2577 795 2638 hominibus
816 2577 846 2636 in
868 2569 997 2653 negotio
1008 2577 1161 2654 religionis

138 2666 323 2726 necessarias
343 2667 477 2727 edoceat.
502 2671 581 2726 ltens
595 2673 694 2726 autem
710 2667 742 2726 in
765 2666 942 2728 necessariis
958 2683 1019 2726 non
1043 2667 1160 2740 deficit;

136 2754 264 2832 ideoque
277 2755 419 2816 revelatio
433 2755 463 2815 in
479 2756 611 2816 Ecclesia
624 2757 778 2829 catholica,
794 2774 860 2832 quae
875 2757 939 2815 sola
953 2773 1024 2815 vera
1038 2755 1089 2814 ltei
1103 2760 1162 2816 Ec·
1269 2803 1270 2812 ,

137 2844 295 2918 etesiaca,
310 2847 397 2920 lacta,
412 2853 442 2906 et
455 2845 605 2921 publicata
619 2846 751 2921 perlecta
770 2846 954 2905 et‘absoluta
968 2861 1035 2904 esse
1059 2844 1161 2922 debet,

66 2941 70 2966 t
136 2933 223 2994 sicuti
235 2951 307 2994 vere
320 2940 374 2994 est.
388 2935 472 2994 Unde
486 2935 641 2995 caumniis
654 2935 771 3008 ludunt,
787 2935 838 3010 qni
852 2933 991 2994 Ecclesiae
1006 2934 1161 2995 catholieae

135 3021 348 3083 revelationem
365 3025 571 3098 imperleotarn
592 3025 751 3100 appellant,
775 3030 804 3084 ct
820 3023 972 3084 indefinito
986 3026 1161 3100 progressui

136 3112 201 3170 sub'
240 3119 252 3171 t
362 3156 368 3171 .
1180 3165 1185 3174 .

172 3117 371 3261 Ιέξοᾶῗξίιηξιὲῑ
384 3200 544 3278 positivum
567 3201 598 3262 in
619 3210 712 3276 vetus,
734 3208 764 3262 et
779 3219 891 3263 acuunt
904 3201 1053 3262 dividitur.
1069 3207 1161 3264 Vetas

136 3288 219 3364 itud,
236 3291 317 3366 quod
328 3309 347 3350 a
359 3296 419 3351 Deo
434 3292 547 3366 populo
562 3291 757 3353 Hebraeorum
770 3291 873 3353 datum
889 3291 920 3352 in
941 3291 1052 3352 veteris
1065 3297 1162 3352 Testa·

136 3379 230 3438 menti
242 3379 324 3439 libris
337 3379 505 3440 continetur
520 3400 527 3440 :
543 3386 659 3441 Novum
670 3383 751 3458 quod
765 3399 783 3440 a
798 3387 867 3442 teau
879 3382 993 3442 Christo
1008 3384 1162 3444 salvatore
1269 3393 1270 3406 ¹

136 3472 240 3527 nostro
255 3468 392 3529 omnibus
405 3469 543 3545 gentibus
561 3470 663 3530 datum
677 3470 708 3528 in
721 3469 791 3532 novi
800 3471 978 3535 Testamenti
992 3471 1113 3550 codice,
1130 3479 1162 3534 et
1269 3547 1270 3558 χ

136 3557 167 3618 in
184 3557 389 3619 traditionibus
402 3557 572 3634 apostolicis
586 3558 767 3622 continetur.
