<?xml version="1.0" encoding="UTF-8"?>
<!DOCTYPE html PUBLIC "-//W3C//DTD XHTML 1.0 Transitional//EN"
    "http://www.w3.org/TR/xhtml1/DTD/xhtml1-transitional.dtd">
<html xmlns="http://www.w3.org/1999/xhtml" xml:lang="en" lang="en">
 <head>
  <title>
</title>
<meta http-equiv="Content-Type" content="text/html;charset=utf-8" />
  <meta name='ocr-system' content='tesseract 3.04.00' />
  <meta name='ocr-capabilities' content='ocr_page ocr_carea ocr_par ocr_line ocrx_word'/>
</head>
<body>
  <div class='ocr_page' id='page_1' title='image "./summainstitutio00ferrgoog_0267.png"; bbox 0 0 2468 4090; ppageno 0'>
   <div class='ocr_carea' id='block_1_1' title="bbox 629 162 789 222">
    <p class='ocr_par' dir='ltr' id='par_1_1' title="bbox 629 162 789 222">
     <span class='ocr_line' id='line_1_1' title="bbox 629 162 789 222; baseline 0 -18"><span class='ocrx_word' id='word_1_1' title='bbox 629 162 789 222; x_wconf 69' lang='lat'>„202-</span> 
     </span>
    </p>
   </div>
   <div class='ocr_carea' id='block_1_2' title="bbox 191 278 1224 801">
    <p class='ocr_par' dir='ltr' id='par_1_2' title="bbox 191 278 1224 801">
     <span class='ocr_line' id='line_1_2' title="bbox 192 278 1217 362; baseline -0.01 -14"><span class='ocrx_word' id='word_1_2' title='bbox 192 312 206 339; x_wconf 79' lang='grc' dir='ltr'>ι</span> <span class='ocrx_word' id='word_1_3' title='bbox 227 293 276 348; x_wconf 85' lang='lat' dir='ltr'>tur</span> <span class='ocrx_word' id='word_1_4' title='bbox 286 283 469 346; x_wconf 83' lang='lat' dir='ltr'>constituero</span> <span class='ocrx_word' id='word_1_5' title='bbox 482 285 642 362; x_wconf 85' lang='lat' dir='ltr'>quamdam</span> <span class='ocrx_word' id='word_1_6' title='bbox 659 283 742 362; x_wconf 85' lang='lat' dir='ltr'>qnasi</span> <span class='ocrx_word' id='word_1_7' title='bbox 755 281 921 358; x_wconf 86' lang='lat' dir='ltr'>dioecesim,</span> <span class='ocrx_word' id='word_1_8' title='bbox 940 281 990 342; x_wconf 93' lang='lat' dir='ltr'>ubi</span> <span class='ocrx_word' id='word_1_9' title='bbox 1013 281 1174 352; x_wconf 73' lang='lat' dir='ltr'>Praebtus,</span> <span class='ocrx_word' id='word_1_10' title='bbox 1190 278 1217 336; x_wconf 92' lang='lat' dir='ltr'>i&#39;</span> 
     </span>
     <span class='ocr_line' id='line_1_3' title="bbox 193 369 1224 451; baseline -0.006 -17"><span class='ocrx_word' id='word_1_11' title='bbox 193 401 208 428; x_wconf 76' lang='grc' dir='ltr'>ι</span> <span class='ocrx_word' id='word_1_12' title='bbox 226 373 452 451; x_wconf 64' lang='lat' dir='ltr'>exceptisque</span> <span class='ocrx_word' id='word_1_13' title='bbox 470 372 583 434; x_wconf 79' lang='lat' dir='ltr'>ordinis</span> <span class='ocrx_word' id='word_1_14' title='bbox 596 373 773 450; x_wconf 87' lang='lat' dir='ltr'>episcopalis</span> <span class='ocrx_word' id='word_1_15' title='bbox 790 377 871 445; x_wconf 92' lang='lat' dir='ltr'>sunt,</span> <span class='ocrx_word' id='word_1_16' title='bbox 886 369 986 431; x_wconf 89' lang='lat' dir='ltr'>omnia</span> <span class='ocrx_word' id='word_1_17' title='bbox 1001 375 1142 442; x_wconf 86' lang='lat' dir='ltr'>exercet,</span> <span class='ocrx_word' id='word_1_18' title='bbox 1160 384 1224 444; x_wconf 81' lang='lat' dir='ltr'>quae</span> 
     </span>
     <span class='ocr_line' id='line_1_4' title="bbox 194 458 1221 539; baseline -0.009 -17"><span class='ocrx_word' id='word_1_19' title='bbox 194 488 208 513; x_wconf 81' lang='grc' dir='ltr'>ι</span> <span class='ocrx_word' id='word_1_20' title='bbox 227 461 408 535; x_wconf 78' lang='lat' dir='ltr'>caeteroquin</span> <span class='ocrx_word' id='word_1_21' title='bbox 421 462 458 522; x_wconf 90' lang='lat' dir='ltr'>ad</span> <span class='ocrx_word' id='word_1_22' title='bbox 470 461 672 538; x_wconf 85' lang='lat' dir='ltr'>episcopalem</span> <span class='ocrx_word' id='word_1_23' title='bbox 680 459 917 539; x_wconf 89' lang='lat' dir='ltr'>jurisdictionem</span> <span class='ocrx_word' id='word_1_24' title='bbox 926 458 1221 537; x_wconf 77' lang='lat' dir='ltr'>pertinerentllujns</span> 
     </span>
     <span class='ocr_line' id='line_1_5' title="bbox 191 545 1221 624; baseline -0.006 -14"><span class='ocrx_word' id='word_1_25' title='bbox 191 575 207 601; x_wconf 83' lang='grc'><strong>«</strong></span> <span class='ocrx_word' id='word_1_26' title='bbox 226 548 345 624; x_wconf 75' lang='lat' dir='ltr'>generis</span> <span class='ocrx_word' id='word_1_27' title='bbox 362 549 475 610; x_wconf 82' lang='lat' dir='ltr'>Praelati</span> <span class='ocrx_word' id='word_1_28' title='bbox 497 549 574 610; x_wconf 90' lang='lat' dir='ltr'>inter</span> <span class='ocrx_word' id='word_1_29' title='bbox 594 549 749 610; x_wconf 79' lang='lat' dir='ltr'>inferiores</span> <span class='ocrx_word' id='word_1_30' title='bbox 769 547 943 608; x_wconf 75' lang='lat' dir='ltr'>nobilissimi</span> <span class='ocrx_word' id='word_1_31' title='bbox 965 554 1057 621; x_wconf 91' lang='lat' dir='ltr'>sunt,</span> <span class='ocrx_word' id='word_1_32' title='bbox 1087 545 1221 606; x_wconf 88' lang='lat' dir='ltr'>dicuntur</span> 
     </span>
     <span class='ocr_line' id='line_1_6' title="bbox 194 633 1224 716; baseline -0.004 -20"><span class='ocrx_word' id='word_1_33' title='bbox 194 663 208 688; x_wconf 84' lang='lat'><strong>«</strong></span> <span class='ocrx_word' id='word_1_34' title='bbox 226 653 310 711; x_wconf 79' lang='lat' dir='ltr'>vere,</span> <span class='ocrx_word' id='word_1_35' title='bbox 327 643 358 698; x_wconf 91' lang='lat' dir='ltr'>et</span> <span class='ocrx_word' id='word_1_36' title='bbox 375 637 496 714; x_wconf 83' lang='lat' dir='ltr'>proprie</span> <span class='ocrx_word' id='word_1_37' title='bbox 508 637 642 712; x_wconf 75' lang='lat' dir='ltr'>Nullius,</span> <span class='ocrx_word' id='word_1_38' title='bbox 658 643 688 698; x_wconf 92' lang='lat' dir='ltr'>et</span> <span class='ocrx_word' id='word_1_39' title='bbox 705 636 786 698; x_wconf 83' lang='lat' dir='ltr'>veris</span> <span class='ocrx_word' id='word_1_40' title='bbox 802 642 1037 698; x_wconf 80' lang='lat' dir='ltr'><strong>annumerantur</strong></span> <span class='ocrx_word' id='word_1_41' title='bbox 1058 633 1224 716; x_wconf 59' lang='lat' dir='ltr'>ordinarint</span> 
     </span>
     <span class='ocr_line' id='line_1_7' title="bbox 194 723 1224 801; baseline -0.004 -15"><span class='ocrx_word' id='word_1_42' title='bbox 194 749 209 776; x_wconf 79' lang='lat' dir='ltr'>a</span> <span class='ocrx_word' id='word_1_43' title='bbox 227 727 363 786; x_wconf 73' lang='lat' dir='ltr'>ludorum</span> <span class='ocrx_word' id='word_1_44' title='bbox 379 730 432 801; x_wconf 70' lang='grc' dir='ltr'><strong>(Ξ).</strong></span> <span class='ocrx_word' id='word_1_45' title='bbox 455 753 470 780; x_wconf 77' lang='lat'>¹·</span> <span class='ocrx_word' id='word_1_46' title='bbox 1223 723 1224 730; x_wconf 11' lang='grc' dir='ltr'>ἵ</span> 
     </span>
    </p>
   </div>
   <div class='ocr_carea' id='block_1_3' title="bbox 194 871 1224 1294">
    <p class='ocr_par' dir='ltr' id='par_1_3' title="bbox 194 871 1224 1294">
     <span class='ocr_line' id='line_1_8' title="bbox 224 871 1224 940; baseline -0.001 -17"><span class='ocrx_word' id='word_1_47' title='bbox 224 871 258 937; x_wconf 83' lang='lat' dir='ltr'>(ll</span> <span class='ocrx_word' id='word_1_48' title='bbox 273 873 313 924; x_wconf 88' lang='lat' dir='ltr'>Da</span> <span class='ocrx_word' id='word_1_49' title='bbox 327 873 426 938; x_wconf 84' lang='lat' dir='ltr'>Synod.</span> <span class='ocrx_word' id='word_1_50' title='bbox 442 873 461 924; x_wconf 91' lang='lat' dir='ltr'>l.</span> <span class='ocrx_word' id='word_1_51' title='bbox 473 873 499 938; x_wconf 77' lang='lat' dir='ltr'>l,</span> <span class='ocrx_word' id='word_1_52' title='bbox 513 888 540 926; x_wconf 89' lang='lat' dir='ltr'>c.</span> <span class='ocrx_word' id='word_1_53' title='bbox 559 873 599 940; x_wconf 90' lang='lat' dir='ltr'>ll,</span> <span class='ocrx_word' id='word_1_54' title='bbox 612 887 641 926; x_wconf 91' lang='grc'>11.</span> <span class='ocrx_word' id='word_1_55' title='bbox 658 873 668 926; x_wconf 93' lang='lat' dir='ltr'>l</span> <span class='ocrx_word' id='word_1_56' title='bbox 690 876 717 926; x_wconf 90' lang='lat' dir='ltr'>at</span> <span class='ocrx_word' id='word_1_57' title='bbox 730 887 806 940; x_wconf 87' lang='lat' dir='ltr'>seqq.</span> <span class='ocrx_word' id='word_1_58' title='bbox 821 901 853 913; x_wconf 94' lang='lat'>-</span> <span class='ocrx_word' id='word_1_59' title='bbox 865 873 901 940; x_wconf 78' lang='lat' dir='ltr'>(i)</span> <span class='ocrx_word' id='word_1_60' title='bbox 915 873 1026 926; x_wconf 85' lang='lat' dir='ltr'>Praelati</span> <span class='ocrx_word' id='word_1_61' title='bbox 1038 872 1131 939; x_wconf 86' lang='lat' dir='ltr'>hujus</span> <span class='ocrx_word' id='word_1_62' title='bbox 1143 871 1224 923; x_wconf 74' lang='lat' dir='ltr'>tertiat</span> 
     </span>
     <span class='ocr_line' id='line_1_9' title="bbox 194 937 1224 1018; baseline -0.002 -23"><span class='ocrx_word' id='word_1_63' title='bbox 194 944 295 1008; x_wconf 88' lang='lat' dir='ltr'>special</span> <span class='ocrx_word' id='word_1_64' title='bbox 311 943 461 1010; x_wconf 82' lang='lat' dir='ltr'>Episcopis,</span> <span class='ocrx_word' id='word_1_65' title='bbox 476 945 517 996; x_wconf 90' lang='lat' dir='ltr'>illi</span> <span class='ocrx_word' id='word_1_66' title='bbox 535 945 649 997; x_wconf 86' lang='lat' dir='ltr'>duarum</span> <span class='ocrx_word' id='word_1_67' title='bbox 669 945 879 1012; x_wconf 85' lang='lat' dir='ltr'>praecedentium</span> <span class='ocrx_word' id='word_1_68' title='bbox 894 945 1044 1010; x_wconf 77' lang='lat' dir='ltr'>specierum</span> <span class='ocrx_word' id='word_1_69' title='bbox 1064 942 1161 1009; x_wconf 90' lang='lat' dir='ltr'>potius</span> <span class='ocrx_word' id='word_1_70' title='bbox 1173 937 1224 1018; x_wconf 65' lang='lat' dir='ltr'>Pal</span> 
     </span>
     <span class='ocr_line' id='line_1_10' title="bbox 195 1013 1220 1083; baseline -0.004 -17"><span class='ocrx_word' id='word_1_71' title='bbox 195 1015 284 1067; x_wconf 89' lang='lat' dir='ltr'>rochis</span> <span class='ocrx_word' id='word_1_72' title='bbox 306 1016 501 1068; x_wconf 79' lang='lat' dir='ltr'>assimilantur.</span> <span class='ocrx_word' id='word_1_73' title='bbox 522 1017 622 1070; x_wconf 84' lang='lat' dir='ltr'>Omnes</span> <span class='ocrx_word' id='word_1_74' title='bbox 641 1031 704 1068; x_wconf 84' lang='lat' dir='ltr'>vero</span> <span class='ocrx_word' id='word_1_75' title='bbox 724 1016 834 1068; x_wconf 84' lang='lat' dir='ltr'>Praelati</span> <span class='ocrx_word' id='word_1_76' title='bbox 853 1031 886 1068; x_wconf 85' lang='lat' dir='ltr'>ex</span> <span class='ocrx_word' id='word_1_77' title='bbox 906 1016 1063 1083; x_wconf 79' lang='lat' dir='ltr'>Apostolico</span> <span class='ocrx_word' id='word_1_78' title='bbox 1085 1013 1220 1081; x_wconf 82' lang='lat' dir='ltr'>privilegio</span> 
     </span>
     <span class='ocr_line' id='line_1_11' title="bbox 195 1081 1224 1148; baseline -0.006 -10"><span class='ocrx_word' id='word_1_79' title='bbox 195 1087 333 1138; x_wconf 89' lang='lat' dir='ltr'>constituti</span> <span class='ocrx_word' id='word_1_80' title='bbox 347 1087 375 1138; x_wconf 91' lang='lat' dir='ltr'>in</span> <span class='ocrx_word' id='word_1_81' title='bbox 387 1101 480 1139; x_wconf 85' lang='lat' dir='ltr'>eorum</span> <span class='ocrx_word' id='word_1_82' title='bbox 494 1088 676 1140; x_wconf 80' lang='lat' dir='ltr'>functionibus</span> <span class='ocrx_word' id='word_1_83' title='bbox 689 1087 790 1139; x_wconf 87' lang='lat' dir='ltr'>debent</span> <span class='ocrx_word' id='word_1_84' title='bbox 802 1087 941 1139; x_wconf 83' lang='lat' dir='ltr'>observari</span> <span class='ocrx_word' id='word_1_85' title='bbox 954 1085 1062 1136; x_wconf 90' lang='lat' dir='ltr'>Bullam</span> <span class='ocrx_word' id='word_1_86' title='bbox 1080 1083 1159 1136; x_wconf 80' lang='lat' dir='ltr'>Decet</span> <span class='ocrx_word' id='word_1_87' title='bbox 1176 1081 1224 1148; x_wconf 45' lang='lat' dir='ltr'>llo·¹</span> 
     </span>
     <span class='ocr_line' id='line_1_12' title="bbox 195 1151 1224 1224; baseline -0.005 -16"><span class='ocrx_word' id='word_1_88' title='bbox 195 1169 291 1210; x_wconf 80' lang='lat' dir='ltr'>manos</span> <span class='ocrx_word' id='word_1_89' title='bbox 308 1157 350 1208; x_wconf 90' lang='lat' dir='ltr'>Pii</span> <span class='ocrx_word' id='word_1_90' title='bbox 374 1157 457 1223; x_wconf 76' lang='lat' dir='ltr'>Papae</span> <span class='ocrx_word' id='word_1_91' title='bbox 474 1158 536 1217; x_wconf 81' lang='lat' dir='ltr'>vu,</span> <span class='ocrx_word' id='word_1_92' title='bbox 559 1173 603 1211; x_wconf 86' lang='lat' dir='ltr'>an.</span> <span class='ocrx_word' id='word_1_93' title='bbox 627 1158 696 1223; x_wconf 76' lang='lat'>1823,</span> <span class='ocrx_word' id='word_1_94' title='bbox 721 1158 749 1210; x_wconf 89' lang='lat' dir='ltr'>in</span> <span class='ocrx_word' id='word_1_95' title='bbox 768 1171 822 1224; x_wconf 88' lang='lat' dir='ltr'>qua</span> <span class='ocrx_word' id='word_1_96' title='bbox 842 1157 1015 1209; x_wconf 82' lang='lat' dir='ltr'>confirmatur</span> <span class='ocrx_word' id='word_1_97' title='bbox 1034 1156 1177 1208; x_wconf 88' lang='lat' dir='ltr'>decretum</span> <span class='ocrx_word' id='word_1_98' title='bbox 1194 1151 1224 1224; x_wconf 59' lang='lat' dir='ltr'>Sl</span> 
     </span>
     <span class='ocr_line' id='line_1_13' title="bbox 197 1227 1224 1294; baseline 0.002 -14"><span class='ocrx_word' id='word_1_99' title='bbox 197 1227 419 1294; x_wconf 72' lang='lat' dir='ltr'>congregationis</span> <span class='ocrx_word' id='word_1_100' title='bbox 432 1229 553 1282; x_wconf 85' lang='lat' dir='ltr'>Rituum.</span> <span class='ocrx_word' id='word_1_101' title='bbox 1223 1227 1224 1266; x_wconf 58' lang='grc' dir='ltr'>ἕ</span> 
     </span>
    </p>
   </div>
   <div class='ocr_carea' id='block_1_4' title="bbox 197 1389 1224 2184">
    <p class='ocr_par' dir='ltr' id='par_1_4' title="bbox 197 1389 1224 2184">
     <span class='ocr_line' id='line_1_14' title="bbox 233 1389 1218 1474; baseline -0.009 -18"><span class='ocrx_word' id='word_1_102' title='bbox 233 1399 297 1456; x_wconf 74' lang='lat'>201.</span> <span class='ocrx_word' id='word_1_103' title='bbox 315 1394 397 1457; x_wconf 85' lang='lat' dir='ltr'>Licet</span> <span class='ocrx_word' id='word_1_104' title='bbox 408 1396 524 1458; x_wconf 79' lang='lat' dir='ltr'>Praelati</span> <span class='ocrx_word' id='word_1_105' title='bbox 544 1396 633 1474; x_wconf 77' lang='lat' dir='ltr'>hans</span> <span class='ocrx_word' id='word_1_106' title='bbox 652 1395 745 1456; x_wconf 86' lang='lat' dir='ltr'>tertiae</span> <span class='ocrx_word' id='word_1_107' title='bbox 759 1395 869 1474; x_wconf 85' lang='lat' dir='ltr'>speciei</span> <span class='ocrx_word' id='word_1_108' title='bbox 883 1391 1127 1473; x_wconf 86' lang='lat' dir='ltr'>jurisdictionem</span> <span class='ocrx_word' id='word_1_109' title='bbox 1144 1389 1218 1467; x_wconf 89' lang='lat' dir='ltr'>qnasi</span> 
     </span>
     <span class='ocr_line' id='line_1_15' title="bbox 197 1482 1217 1561; baseline -0.009 -17"><span class='ocrx_word' id='word_1_110' title='bbox 197 1483 398 1560; x_wconf 90' lang='lat' dir='ltr'>episcopalem</span> <span class='ocrx_word' id='word_1_111' title='bbox 412 1491 473 1544; x_wconf 88' lang='lat' dir='ltr'>tam</span> <span class='ocrx_word' id='word_1_112' title='bbox 486 1485 693 1557; x_wconf 88' lang='lat' dir='ltr'>voluntariam,</span> <span class='ocrx_word' id='word_1_113' title='bbox 711 1502 801 1561; x_wconf 87' lang='lat' dir='ltr'>quam</span> <span class='ocrx_word' id='word_1_114' title='bbox 814 1482 1031 1545; x_wconf 85' lang='lat' dir='ltr'>contentiosam</span> <span class='ocrx_word' id='word_1_115' title='bbox 1043 1499 1085 1543; x_wconf 84' lang='lat' dir='ltr'>ex</span> <span class='ocrx_word' id='word_1_116' title='bbox 1099 1485 1217 1556; x_wconf 75' lang='lat' dir='ltr'>Aposto-</span> 
     </span>
     <span class='ocr_line' id='line_1_16' title="bbox 197 1566 1217 1651; baseline -0.004 -21"><span class='ocrx_word' id='word_1_117' title='bbox 197 1569 262 1630; x_wconf 88' lang='lat' dir='ltr'>licis</span> <span class='ocrx_word' id='word_1_118' title='bbox 276 1571 443 1649; x_wconf 77' lang='lat' dir='ltr'>privilegiis,</span> <span class='ocrx_word' id='word_1_119' title='bbox 458 1580 510 1634; x_wconf 90' lang='lat' dir='ltr'>aut</span> <span class='ocrx_word' id='word_1_120' title='bbox 523 1573 652 1650; x_wconf 82' lang='lat' dir='ltr'>legitime</span> <span class='ocrx_word' id='word_1_121' title='bbox 666 1573 848 1651; x_wconf 75' lang='lat' dir='ltr'>praescriptis</span> <span class='ocrx_word' id='word_1_122' title='bbox 863 1571 1088 1633; x_wconf 82' lang='lat' dir='ltr'>consuetudinis</span> <span class='ocrx_word' id='word_1_123' title='bbox 1104 1570 1136 1629; x_wconf 93' lang='lat' dir='ltr'>in</span> <span class='ocrx_word' id='word_1_124' title='bbox 1158 1566 1217 1626; x_wconf 91' lang='lat' dir='ltr'>snb·</span> 
     </span>
     <span class='ocr_line' id='line_1_17' title="bbox 199 1654 1218 1739; baseline -0.005 -20"><span class='ocrx_word' id='word_1_125' title='bbox 199 1658 278 1720; x_wconf 93' lang='lat' dir='ltr'>ditos</span> <span class='ocrx_word' id='word_1_126' title='bbox 293 1667 574 1737; x_wconf 80' lang='lat' dir='ltr'>queantexercere3</span> <span class='ocrx_word' id='word_1_127' title='bbox 592 1662 729 1739; x_wconf 86' lang='lat' dir='ltr'>quaedam</span> <span class='ocrx_word' id='word_1_128' title='bbox 743 1669 841 1723; x_wconf 79' lang='lat' dir='ltr'>tanmn</span> <span class='ocrx_word' id='word_1_129' title='bbox 860 1661 993 1738; x_wconf 89' lang='lat' dir='ltr'>ejusdem</span> <span class='ocrx_word' id='word_1_130' title='bbox 1011 1654 1218 1736; x_wconf 86' lang='lat' dir='ltr'>jurisdictionis</span> 
     </span>
     <span class='ocr_line' id='line_1_18' title="bbox 199 1747 1216 1827; baseline -0.003 -21"><span class='ocrx_word' id='word_1_131' title='bbox 199 1747 299 1822; x_wconf 87' lang='lat' dir='ltr'>capita</span> <span class='ocrx_word' id='word_1_132' title='bbox 319 1757 389 1809; x_wconf 90' lang='lat' dir='ltr'>sunt</span> <span class='ocrx_word' id='word_1_133' title='bbox 408 1759 545 1827; x_wconf 83' lang='lat' dir='ltr'>excepta.</span> <span class='ocrx_word' id='word_1_134' title='bbox 561 1755 716 1827; x_wconf 84' lang='lat' dir='ltr'>Nequeunt</span> <span class='ocrx_word' id='word_1_135' title='bbox 737 1767 844 1827; x_wconf 83' lang='lat' dir='ltr'>reapse</span> <span class='ocrx_word' id='word_1_136' title='bbox 858 1751 1006 1826; x_wconf 88' lang='lat' dir='ltr'>synodum</span> <span class='ocrx_word' id='word_1_137' title='bbox 1024 1749 1216 1808; x_wconf 84' lang='lat' dir='ltr'>dioecesanam</span> 
     </span>
     <span class='ocr_line' id='line_1_19' title="bbox 201 1837 1217 1914; baseline -0.004 -19"><span class='ocrx_word' id='word_1_138' title='bbox 201 1851 322 1912; x_wconf 80' lang='lat' dir='ltr'>cogere,</span> <span class='ocrx_word' id='word_1_139' title='bbox 337 1839 495 1914; x_wconf 87' lang='lat' dir='ltr'>parochias</span> <span class='ocrx_word' id='word_1_140' title='bbox 507 1841 655 1914; x_wconf 82' lang='lat' dir='ltr'>conterre,</span> <span class='ocrx_word' id='word_1_141' title='bbox 670 1839 795 1900; x_wconf 86' lang='lat' dir='ltr'>clericos</span> <span class='ocrx_word' id='word_1_142' title='bbox 809 1841 967 1900; x_wconf 85' lang='lat' dir='ltr'>saeculares</span> <span class='ocrx_word' id='word_1_143' title='bbox 978 1839 1015 1899; x_wconf 89' lang='lat' dir='ltr'>ad</span> <span class='ocrx_word' id='word_1_144' title='bbox 1026 1837 1149 1896; x_wconf 91' lang='lat' dir='ltr'>ordines</span> <span class='ocrx_word' id='word_1_145' title='bbox 1161 1850 1217 1909; x_wconf 88' lang='lat' dir='ltr'>pro</span> 
     </span>
     <span class='ocr_line' id='line_1_20' title="bbox 200 1921 1224 2004; baseline -0.002 -22"><span class='ocrx_word' id='word_1_146' title='bbox 200 1939 334 2000; x_wconf 82' lang='lat' dir='ltr'>movere,</span> <span class='ocrx_word' id='word_1_147' title='bbox 349 1930 401 1986; x_wconf 87' lang='lat' dir='ltr'>aut</span> <span class='ocrx_word' id='word_1_148' title='bbox 413 1927 520 1988; x_wconf 89' lang='lat' dir='ltr'>iisdem</span> <span class='ocrx_word' id='word_1_149' title='bbox 533 1927 572 1988; x_wconf 89' lang='lat' dir='ltr'>ad</span> <span class='ocrx_word' id='word_1_150' title='bbox 586 1927 707 1988; x_wconf 81' lang='lat' dir='ltr'>ordines</span> <span class='ocrx_word' id='word_1_151' title='bbox 721 1928 949 2004; x_wconf 85' lang='lat' dir='ltr'>consequendos</span> <span class='ocrx_word' id='word_1_152' title='bbox 961 1927 1074 1988; x_wconf 88' lang='lat' dir='ltr'>litteras</span> <span class='ocrx_word' id='word_1_153' title='bbox 1087 1921 1224 1986; x_wconf 70' lang='lat' dir='ltr'>dimisa-³</span> 
     </span>
     <span class='ocr_line' id='line_1_21' title="bbox 200 2007 1224 2092; baseline -0.007 -20"><span class='ocrx_word' id='word_1_154' title='bbox 200 2011 261 2072; x_wconf 89' lang='lat' dir='ltr'>rias</span> <span class='ocrx_word' id='word_1_155' title='bbox 275 2013 358 2075; x_wconf 89' lang='lat' dir='ltr'>dare.</span> <span class='ocrx_word' id='word_1_156' title='bbox 375 2019 408 2076; x_wconf 93' lang='lat' dir='ltr'>ln</span> <span class='ocrx_word' id='word_1_157' title='bbox 422 2015 468 2076; x_wconf 91' lang='lat' dir='ltr'>bis</span> <span class='ocrx_word' id='word_1_158' title='bbox 490 2015 569 2078; x_wconf 91' lang='lat' dir='ltr'>enim</span> <span class='ocrx_word' id='word_1_159' title='bbox 584 2017 722 2078; x_wconf 90' lang='lat' dir='ltr'>omnibns</span> <span class='ocrx_word' id='word_1_160' title='bbox 739 2016 849 2078; x_wconf 88' lang='lat' dir='ltr'>debent</span> <span class='ocrx_word' id='word_1_161' title='bbox 866 2017 906 2076; x_wconf 87' lang='lat' dir='ltr'>ad</span> <span class='ocrx_word' id='word_1_162' title='bbox 921 2015 1096 2092; x_wconf 89' lang='lat' dir='ltr'>episcopum</span> <span class='ocrx_word' id='word_1_163' title='bbox 1108 2007 1224 2078; x_wconf 61' lang='lat' dir='ltr'>vicinio}</span> 
     </span>
     <span class='ocr_line' id='line_1_22' title="bbox 200 2099 1088 2184; baseline 0.005 -24"><span class='ocrx_word' id='word_1_164' title='bbox 200 2117 267 2161; x_wconf 91' lang='lat' dir='ltr'>rem</span> <span class='ocrx_word' id='word_1_165' title='bbox 280 2119 448 2180; x_wconf 77' lang='lat' dir='ltr'>rennuere,</span> <span class='ocrx_word' id='word_1_166' title='bbox 463 2099 513 2166; x_wconf 90' lang='lat' dir='ltr'>cui</span> <span class='ocrx_word' id='word_1_167' title='bbox 526 2105 660 2184; x_wconf 88' lang='lat' dir='ltr'>ipsorum</span> <span class='ocrx_word' id='word_1_168' title='bbox 675 2105 856 2168; x_wconf 88' lang='lat' dir='ltr'>territorimn</span> <span class='ocrx_word' id='word_1_169' title='bbox 867 2105 1047 2181; x_wconf 81' lang='lat' dir='ltr'>subjiciant</span> <span class='ocrx_word' id='word_1_170' title='bbox 1066 2107 1088 2178; x_wconf 71' lang='grc'>1.</span> 
     </span>
    </p>
   </div>
   <div class='ocr_carea' id='block_1_5' title="bbox 201 2240 1224 2534">
    <p class='ocr_par' dir='ltr' id='par_1_5' title="bbox 201 2240 1224 2534">
     <span class='ocr_line' id='line_1_23' title="bbox 234 2240 1224 2318; baseline -0.011 -18"><span class='ocrx_word' id='word_1_171' title='bbox 234 2249 271 2314; x_wconf 85' lang='grc'>(1)</span> <span class='ocrx_word' id='word_1_172' title='bbox 284 2249 350 2301; x_wconf 86' lang='lat' dir='ltr'>Haeo</span> <span class='ocrx_word' id='word_1_173' title='bbox 372 2250 406 2302; x_wconf 88' lang='lat' dir='ltr'>da</span> <span class='ocrx_word' id='word_1_174' title='bbox 430 2249 602 2316; x_wconf 88' lang='lat' dir='ltr'>dimissoriis,</span> <span class='ocrx_word' id='word_1_175' title='bbox 621 2252 816 2318; x_wconf 85' lang='lat' dir='ltr'>ordinibusque</span> <span class='ocrx_word' id='word_1_176' title='bbox 839 2251 928 2304; x_wconf 91' lang='lat' dir='ltr'>looum</span> <span class='ocrx_word' id='word_1_177' title='bbox 952 2252 1059 2301; x_wconf 87' lang='lat' dir='ltr'>tanturn</span> <span class='ocrx_word' id='word_1_178' title='bbox 1076 2246 1172 2299; x_wconf 88' lang='lat' dir='ltr'>babent</span> <span class='ocrx_word' id='word_1_179' title='bbox 1190 2240 1224 2290; x_wconf 61' lang='lat' dir='ltr'>in}</span> 
     </span>
     <span class='ocr_line' id='line_1_24' title="bbox 202 2312 1224 2392; baseline -0.015 -18"><span class='ocrx_word' id='word_1_180' title='bbox 202 2322 329 2374; x_wconf 83' lang='lat' dir='ltr'>Praelatis</span> <span class='ocrx_word' id='word_1_181' title='bbox 343 2323 538 2385; x_wconf 69' lang='lat' dir='ltr'>sacularibus;</span> <span class='ocrx_word' id='word_1_182' title='bbox 551 2337 614 2374; x_wconf 89' lang='lat' dir='ltr'>nam</span> <span class='ocrx_word' id='word_1_183' title='bbox 637 2323 785 2392; x_wconf 81' lang='lat' dir='ltr'>Regulares</span> <span class='ocrx_word' id='word_1_184' title='bbox 800 2323 956 2380; x_wconf 83' lang='lat' dir='ltr'>solemniter</span> <span class='ocrx_word' id='word_1_185' title='bbox 968 2318 1102 2372; x_wconf 86' lang='lat' dir='ltr'>benedicti</span> <span class='ocrx_word' id='word_1_186' title='bbox 1114 2312 1224 2384; x_wconf 65' lang='lat' dir='ltr'>possuntg</span> 
     </span>
     <span class='ocr_line' id='line_1_25' title="bbox 201 2384 1224 2461; baseline -0.014 -16"><span class='ocrx_word' id='word_1_187' title='bbox 201 2394 319 2461; x_wconf 77' lang='lat' dir='ltr'>primam</span> <span class='ocrx_word' id='word_1_188' title='bbox 340 2398 491 2457; x_wconf 89' lang='lat' dir='ltr'>tonsuram,</span> <span class='ocrx_word' id='word_1_189' title='bbox 512 2395 674 2460; x_wconf 82' lang='lat' dir='ltr'>ordinesque</span> <span class='ocrx_word' id='word_1_190' title='bbox 695 2395 813 2446; x_wconf 85' lang='lat' dir='ltr'>minores</span> <span class='ocrx_word' id='word_1_191' title='bbox 836 2392 954 2444; x_wconf 89' lang='lat' dir='ltr'>subditis</span> <span class='ocrx_word' id='word_1_192' title='bbox 975 2391 1032 2443; x_wconf 79' lang='lat' dir='ltr'>anis</span> <span class='ocrx_word' id='word_1_193' title='bbox 1057 2384 1224 2456; x_wconf 76' lang='lat' dir='ltr'>regularibus</span> 
     </span>
     <span class='ocr_line' id='line_1_26' title="bbox 203 2459 1224 2534; baseline -0.005 -18"><span class='ocrx_word' id='word_1_194' title='bbox 203 2465 335 2517; x_wconf 81' lang='lat' dir='ltr'>conterre.</span> <span class='ocrx_word' id='word_1_195' title='bbox 350 2464 513 2518; x_wconf 87' lang='lat' dir='ltr'>Benedictus</span> <span class='ocrx_word' id='word_1_196' title='bbox 526 2465 601 2530; x_wconf 80' lang='lat' dir='ltr'>xlv,</span> <span class='ocrx_word' id='word_1_197' title='bbox 614 2465 634 2518; x_wconf 87' lang='lat' dir='ltr'>l.</span> <span class='ocrx_word' id='word_1_198' title='bbox 648 2465 704 2529; x_wconf 73' lang='lat' dir='ltr'>cit,</span> <span class='ocrx_word' id='word_1_199' title='bbox 717 2469 743 2517; x_wconf 87' lang='lat' dir='ltr'>at</span> <span class='ocrx_word' id='word_1_200' title='bbox 756 2465 831 2517; x_wconf 83' lang='lat' dir='ltr'>Trid.</span> <span class='ocrx_word' id='word_1_201' title='bbox 846 2477 913 2518; x_wconf 88' lang='lat' dir='ltr'>sess.</span> <span class='ocrx_word' id='word_1_202' title='bbox 928 2463 969 2528; x_wconf 75' lang='lat'>23,</span> <span class='ocrx_word' id='word_1_203' title='bbox 983 2476 1008 2515; x_wconf 90' lang='lat' dir='ltr'>c.</span> <span class='ocrx_word' id='word_1_204' title='bbox 1023 2462 1061 2526; x_wconf 86' lang='lat'>10,</span> <span class='ocrx_word' id='word_1_205' title='bbox 1078 2462 1110 2514; x_wconf 90' lang='lat' dir='ltr'>de</span> <span class='ocrx_word' id='word_1_206' title='bbox 1123 2459 1168 2512; x_wconf 85' lang='lat' dir='ltr'>rel.</span> <span class='ocrx_word' id='word_1_207' title='bbox 1223 2529 1224 2534; x_wconf 8' lang='grc' dir='ltr'>η</span> 
     </span>
    </p>
   </div>
   <div class='ocr_carea' id='block_1_6' title="bbox 203 2649 1224 3525">
    <p class='ocr_par' dir='ltr' id='par_1_6' title="bbox 203 2649 1224 3525">
     <span class='ocr_line' id='line_1_27' title="bbox 238 2649 1212 2723; baseline -0.008 -13"><span class='ocrx_word' id='word_1_208' title='bbox 238 2653 302 2711; x_wconf 76' lang='lat'>202.</span> <span class='ocrx_word' id='word_1_209' title='bbox 318 2651 470 2711; x_wconf 84' lang='lat' dir='ltr'>Paroohus</span> <span class='ocrx_word' id='word_1_210' title='bbox 484 2656 529 2712; x_wconf 88' lang='lat' dir='ltr'>est</span> <span class='ocrx_word' id='word_1_211' title='bbox 543 2650 696 2723; x_wconf 87' lang='lat' dir='ltr'>Sacerdos,</span> <span class='ocrx_word' id='word_1_212' title='bbox 711 2649 761 2710; x_wconf 85' lang='lat' dir='ltr'>vel</span> <span class='ocrx_word' id='word_1_213' title='bbox 774 2649 900 2710; x_wconf 88' lang='lat' dir='ltr'>clericus</span> <span class='ocrx_word' id='word_1_214' title='bbox 913 2649 991 2709; x_wconf 85' lang='lat' dir='ltr'>intr&#39;a</span> <span class='ocrx_word' id='word_1_215' title='bbox 1004 2663 1114 2708; x_wconf 87' lang='lat' dir='ltr'>annum</span> <span class='ocrx_word' id='word_1_216' title='bbox 1124 2649 1212 2706; x_wconf 84' lang='lat' dir='ltr'>saeer-</span> 
     </span>
     <span class='ocr_line' id='line_1_28' title="bbox 204 2728 1224 2816; baseline -0.014 -16"><span class='ocrx_word' id='word_1_217' title='bbox 204 2739 286 2800; x_wconf 90' lang='lat' dir='ltr'>dotio</span> <span class='ocrx_word' id='word_1_218' title='bbox 299 2739 469 2813; x_wconf 88' lang='lat' dir='ltr'>initiandus,</span> <span class='ocrx_word' id='word_1_219' title='bbox 479 2739 609 2816; x_wconf 82' lang='lat' dir='ltr'>legitime</span> <span class='ocrx_word' id='word_1_220' title='bbox 618 2739 656 2798; x_wconf 87' lang='lat' dir='ltr'>ab</span> <span class='ocrx_word' id='word_1_221' title='bbox 666 2738 818 2815; x_wconf 89' lang='lat' dir='ltr'>episcopo,</span> <span class='ocrx_word' id='word_1_222' title='bbox 827 2741 875 2800; x_wconf 89' lang='lat' dir='ltr'>vel</span> <span class='ocrx_word' id='word_1_223' title='bbox 884 2739 998 2815; x_wconf 81' lang='lat' dir='ltr'>aPlpa,</span> <span class='ocrx_word' id='word_1_224' title='bbox 1008 2733 1172 2814; x_wconf 87' lang='lat' dir='ltr'>siparoohia</span> <span class='ocrx_word' id='word_1_225' title='bbox 1181 2728 1209 2789; x_wconf 87' lang='lat' dir='ltr'>sit</span> <span class='ocrx_word' id='word_1_226' title='bbox 1223 2731 1224 2736; x_wconf 77' lang='grc'>’</span> 
     </span>
     <span class='ocr_line' id='line_1_29' title="bbox 204 2823 1224 2908; baseline -0.011 -20"><span class='ocrx_word' id='word_1_227' title='bbox 204 2836 365 2904; x_wconf 89' lang='lat' dir='ltr'>reservata,</span> <span class='ocrx_word' id='word_1_228' title='bbox 380 2829 538 2908; x_wconf 86' lang='lat' dir='ltr'>deputatus</span> <span class='ocrx_word' id='word_1_229' title='bbox 551 2829 589 2888; x_wconf 90' lang='lat' dir='ltr'>ad</span> <span class='ocrx_word' id='word_1_230' title='bbox 603 2829 765 2904; x_wconf 82' lang='lat' dir='ltr'>regendam</span> <span class='ocrx_word' id='word_1_231' title='bbox 779 2826 1004 2888; x_wconf 74' lang='lat' dir='ltr'>determinatam</span> <span class='ocrx_word' id='word_1_232' title='bbox 1016 2823 1147 2886; x_wconf 87' lang='lat' dir='ltr'>dioecesis</span> <span class='ocrx_word' id='word_1_233' title='bbox 1157 2835 1209 2896; x_wconf 91' lang='lat' dir='ltr'>por·</span> <span class='ocrx_word' id='word_1_234' title='bbox 1223 2831 1224 2834; x_wconf 72' lang='grc'>’</span> 
     </span>
     <span class='ocr_line' id='line_1_30' title="bbox 204 2905 1207 2994; baseline -0.014 -15"><span class='ocrx_word' id='word_1_235' title='bbox 204 2916 317 2979; x_wconf 86' lang='lat' dir='ltr'>tionem</span> <span class='ocrx_word' id='word_1_236' title='bbox 331 2934 401 2979; x_wconf 91' lang='lat' dir='ltr'>cum</span> <span class='ocrx_word' id='word_1_237' title='bbox 415 2915 564 2991; x_wconf 83' lang='lat' dir='ltr'>ordinaria</span> <span class='ocrx_word' id='word_1_238' title='bbox 572 2923 720 2994; x_wconf 81' lang='lat' dir='ltr'>potestate</span> <span class='ocrx_word' id='word_1_239' title='bbox 733 2925 931 2990; x_wconf 84' lang='lat' dir='ltr'>sacramenta,</span> <span class='ocrx_word' id='word_1_240' title='bbox 940 2915 1056 2992; x_wconf 84' lang='lat' dir='ltr'>aliaque</span> <span class='ocrx_word' id='word_1_241' title='bbox 1070 2905 1207 2991; x_wconf 88' lang='lat' dir='ltr'>spiritualia</span> 
     </span>
     <span class='ocr_line' id='line_1_31' title="bbox 203 2997 1207 3083; baseline -0.014 -17"><span class='ocrx_word' id='word_1_242' title='bbox 203 3007 284 3066; x_wconf 90' lang='lat' dir='ltr'>bona</span> <span class='ocrx_word' id='word_1_243' title='bbox 296 3006 328 3066; x_wconf 92' lang='lat' dir='ltr'>in</span> <span class='ocrx_word' id='word_1_244' title='bbox 341 3007 406 3083; x_wconf 88' lang='lat' dir='ltr'>ipsa</span> <span class='ocrx_word' id='word_1_245' title='bbox 418 3005 612 3067; x_wconf 89' lang='lat' dir='ltr'>ministrandi.</span> <span class='ocrx_word' id='word_1_246' title='bbox 625 3005 678 3065; x_wconf 88' lang='lat' dir='ltr'>llic</span> <span class='ocrx_word' id='word_1_247' title='bbox 692 3005 832 3068; x_wconf 87' lang='lat' dir='ltr'>sacerdos</span> <span class='ocrx_word' id='word_1_248' title='bbox 846 3003 967 3064; x_wconf 88' lang='lat' dir='ltr'>dicitur:</span> <span class='ocrx_word' id='word_1_249' title='bbox 983 3002 1123 3078; x_wconf 82' lang='lat' dir='ltr'>Proprius</span> <span class='ocrx_word' id='word_1_250' title='bbox 1134 2997 1207 3057; x_wconf 84' lang='lat' dir='ltr'>relate</span> 
     </span>
     <span class='ocr_line' id='line_1_32' title="bbox 207 3083 1205 3180; baseline -0.015 -24"><span class='ocrx_word' id='word_1_251' title='bbox 207 3095 247 3156; x_wconf 90' lang='lat' dir='ltr'>ad</span> <span class='ocrx_word' id='word_1_252' title='bbox 261 3112 366 3157; x_wconf 90' lang='lat' dir='ltr'>omnes</span> <span class='ocrx_word' id='word_1_253' title='bbox 379 3095 436 3156; x_wconf 90' lang='lat' dir='ltr'>sibi</span> <span class='ocrx_word' id='word_1_254' title='bbox 450 3095 628 3170; x_wconf 89' lang='lat' dir='ltr'>commissos</span> <span class='ocrx_word' id='word_1_255' title='bbox 641 3094 745 3154; x_wconf 87' lang='lat' dir='ltr'>fideles</span> <span class='ocrx_word' id='word_1_256' title='bbox 753 3096 813 3180; x_wconf 66' lang='lat'>(123</span> <span class='ocrx_word' id='word_1_257' title='bbox 829 3091 937 3152; x_wconf 88' lang='lat' dir='ltr'>dicitur</span> <span class='ocrx_word' id='word_1_258' title='bbox 950 3085 1122 3151; x_wconf 72' lang='lat' dir='ltr'>Platanona</span> <span class='ocrx_word' id='word_1_259' title='bbox 1130 3083 1205 3162; x_wconf 88' lang='lat' dir='ltr'>plebe,</span> 
     </span>
     <span class='ocr_line' id='line_1_33' title="bbox 206 3175 1207 3259; baseline -0.013 -13"><span class='ocrx_word' id='word_1_260' title='bbox 206 3183 255 3246; x_wconf 90' lang='lat' dir='ltr'>cui</span> <span class='ocrx_word' id='word_1_261' title='bbox 275 3185 401 3258; x_wconf 88' lang='lat' dir='ltr'>adsistit;</span> <span class='ocrx_word' id='word_1_262' title='bbox 423 3185 523 3248; x_wconf 78' lang='lat' dir='ltr'>llantur</span> <span class='ocrx_word' id='word_1_263' title='bbox 542 3185 580 3244; x_wconf 91' lang='lat' dir='ltr'>ab</span> <span class='ocrx_word' id='word_1_264' title='bbox 603 3181 701 3244; x_wconf 83' lang='lat' dir='ltr'>officio</span> <span class='ocrx_word' id='word_1_265' title='bbox 724 3181 848 3259; x_wconf 80' lang='lat' dir='ltr'>regendi</span> <span class='ocrx_word' id='word_1_266' title='bbox 870 3180 901 3240; x_wconf 92' lang='lat' dir='ltr'>in</span> <span class='ocrx_word' id='word_1_267' title='bbox 925 3179 1030 3240; x_wconf 83' lang='lat' dir='ltr'>Christi</span> <span class='ocrx_word' id='word_1_268' title='bbox 1053 3175 1207 3246; x_wconf 77' lang='lat' dir='ltr'>nomiae</span> 
     </span>
     <span class='ocr_line' id='line_1_34' title="bbox 205 3270 1224 3355; baseline -0.015 -21"><span class='ocrx_word' id='word_1_269' title='bbox 205 3273 356 3351; x_wconf 88' lang='lat' dir='ltr'>mysteriis</span> <span class='ocrx_word' id='word_1_270' title='bbox 369 3276 527 3350; x_wconf 85' lang='lat' dir='ltr'>populum;</span> <span class='ocrx_word' id='word_1_271' title='bbox 543 3279 573 3332; x_wconf 91' lang='lat' dir='ltr'>et</span> <span class='ocrx_word' id='word_1_272' title='bbox 586 3270 744 3332; x_wconf 71' lang='lat' dir='ltr'>Conclusa</span> <span class='ocrx_word' id='word_1_273' title='bbox 763 3270 1023 3344; x_wconf 72' lang='lat' dir='ltr'>ercammarum,</span> <span class='ocrx_word' id='word_1_274' title='bbox 1039 3283 1124 3343; x_wconf 87' lang='lat' dir='ltr'>quam</span> <span class='ocrx_word' id='word_1_275' title='bbox 1139 3275 1205 3355; x_wconf 75' lang='lat' dir='ltr'>exar-</span> <span class='ocrx_word' id='word_1_276' title='bbox 1223 3323 1224 3346; x_wconf 32' lang='lat'>3</span> 
     </span>
     <span class='ocr_line' id='line_1_35' title="bbox 208 3347 1224 3436; baseline -0.015 -14"><span class='ocrx_word' id='word_1_277' title='bbox 208 3367 265 3422; x_wconf 90' lang='lat' dir='ltr'>cet.</span> <span class='ocrx_word' id='word_1_278' title='bbox 282 3368 393 3424; x_wconf 80' lang='lat' dir='ltr'>Caetera</span> <span class='ocrx_word' id='word_1_279' title='bbox 410 3379 484 3423; x_wconf 89' lang='lat' dir='ltr'>vero</span> <span class='ocrx_word' id='word_1_280' title='bbox 502 3360 624 3424; x_wconf 90' lang='lat' dir='ltr'>nomina</span> <span class='ocrx_word' id='word_1_281' title='bbox 647 3360 810 3436; x_wconf 83' lang='lat' dir='ltr'>Praepositi,</span> <span class='ocrx_word' id='word_1_282' title='bbox 830 3365 861 3420; x_wconf 88' lang='lat' dir='ltr'>et</span> <span class='ocrx_word' id='word_1_283' title='bbox 882 3353 1132 3435; x_wconf 73' lang='lat' dir='ltr'>archipresbyteri</span> <span class='ocrx_word' id='word_1_284' title='bbox 1147 3347 1204 3410; x_wconf 85' lang='lat' dir='ltr'>inn·</span> <span class='ocrx_word' id='word_1_285' title='bbox 1223 3351 1224 3420; x_wconf 90' lang='grc'>1</span> 
     </span>
     <span class='ocr_line' id='line_1_36' title="bbox 209 3443 1206 3525; baseline -0.008 -16"><span class='ocrx_word' id='word_1_286' title='bbox 209 3456 278 3510; x_wconf 90' lang='lat' dir='ltr'>cant</span> <span class='ocrx_word' id='word_1_287' title='bbox 299 3451 422 3514; x_wconf 87' lang='lat' dir='ltr'>honoris</span> <span class='ocrx_word' id='word_1_288' title='bbox 443 3451 560 3514; x_wconf 90' lang='lat' dir='ltr'>titulum</span> <span class='ocrx_word' id='word_1_289' title='bbox 577 3468 595 3511; x_wconf 92' lang='lat' dir='ltr'>a</span> <span class='ocrx_word' id='word_1_290' title='bbox 610 3447 803 3525; x_wconf 80' lang='lat' dir='ltr'>dignitatibus</span> <span class='ocrx_word' id='word_1_291' title='bbox 816 3446 956 3510; x_wconf 79' lang='lat' dir='ltr'>Ecdesiae</span> <span class='ocrx_word' id='word_1_292' title='bbox 973 3443 1143 3508; x_wconf 89' lang='lat' dir='ltr'>cathedralis</span> <span class='ocrx_word' id='word_1_293' title='bbox 1157 3451 1206 3500; x_wconf 82' lang='lat' dir='ltr'>uu·</span> 
     </span>
    </p>
   </div>
   <div class='ocr_carea' id='block_1_7' title="bbox 209 3546 744 3605">
    <p class='ocr_par' dir='ltr' id='par_1_7' title="bbox 209 3443 1224 3628">
     <span class='ocr_line' id='line_1_37' title="bbox 209 3546 744 3605; baseline 0.014 -6"><span class='ocrx_word' id='word_1_294' title='bbox 209 3546 334 3603; x_wconf 79' lang='lat' dir='ltr'>tuntum.</span> <span class='ocrx_word' id='word_1_295' title='bbox 742 3600 744 3605; x_wconf 95' lang='lat'><em>.</em></span> 
     </span>
    </p>
   </div>
   <div class='ocr_carea' id='block_1_8' title="bbox 0 0 1250 4090">
    <p class='ocr_par' dir='ltr' id='par_1_8' title="bbox 0 0 1250 4090">
     <span class='ocr_line' id='line_1_38' title="bbox 0 0 1250 4090; baseline 0 0"><span class='ocrx_word' id='word_1_296' title='bbox 0 0 1250 4090; x_wconf 95' lang='lat' dir='ltr'> </span> 
     </span>
    </p>
   </div>
   <div class='ocr_carea' id='block_1_9' title="bbox 1148 3933 1224 4046">
    <p class='ocr_par' dir='ltr' id='par_1_9' title="bbox 1148 3933 1224 4046">
     <span class='ocr_line' id='line_1_39' title="bbox 1148 3933 1224 4046; baseline 0 0"><span class='ocrx_word' id='word_1_297' title='bbox 1148 3933 1150 3940; x_wconf 73' lang='grc'><em>’</em></span> <span class='ocrx_word' id='word_1_298' title='bbox 1219 3965 1224 4046; x_wconf 86' lang='lat' dir='ltr'>l</span> 
     </span>
    </p>
   </div>
  </div>
 </body>
</html>
