2546 4082
475 218 635 276 ..243-

54 339 228 394 concedendis
242 339 419 394 camerariis
433 339 535 392 abusus
549 353 646 406 graves
657 339 709 392 orti
723 342 816 393 essent
831 339 986 406 praesertim
1000 340 1072 394 inter

54 411 180 464 ltoniales
192 413 291 464 Montis
305 412 420 465 Carmeli
440 413 506 464 Pius
529 411 567 464 VI
589 424 636 476 pro
649 411 693 463 his
705 411 870 464 monialibus
884 413 1032 472 constituit,
1042 417 1072 465 ut

54 483 78 533 in
89 483 195 545 magnis
204 484 358 535 civitatibus
372 497 420 534 sex
433 483 662 534 constituerentur
673 483 836 534 confessarii
851 483 1068 544 extraordinarii,

54 567 163 619 quorum
179 557 236 608 tres
249 558 340 608 essent
354 555 502 620 regulares,
518 560 544 606 et
553 560 609 606 tres
623 567 657 605 ex
669 554 741 605 clero
755 554 892 615 saeculari;
910 555 937 605 in
955 555 1067 606 minori·

54 626 102 676 bus
114 639 179 677 aero
194 627 357 684 civitatibus,
372 628 497 691 quatuor,
508 638 622 690 quorum
636 625 689 676 duo
699 630 788 676 essent
802 625 948 690 regulares,
972 631 999 677 et
1015 627 1068 678 duo

55 697 206 755 seculares,
222 697 321 762 quibus
338 696 514 748 confessariis
531 696 660 761 qualibet
682 695 808 747 Monialis
823 702 914 760 posset
931 697 1070 762 confiteri,

55 768 155 832 quoties
173 767 291 826 libuerit,
321 767 383 818 data
405 767 532 818 facultate
555 765 745 830 Superioribus
766 763 938 825 reclamandi,
964 769 988 818 si
1008 769 1073 820 dicti

54 839 212 890 Goniessarii
227 853 281 890 non
293 840 408 890 inissent
421 837 567 896 constituti,
588 841 615 888 et
628 838 703 888 salva
723 838 838 896 cautela,
858 851 911 902 qua
925 838 1072 891 Gouiessor

54 910 182 974 regularis
204 910 232 960 in
249 923 314 960 casu
328 910 499 962 necessitatis
520 909 632 960 deberet
648 922 710 960 cum
726 910 798 961 socio
821 909 1014 962 monesterium
1032 911 1073 962 in·

53 981 124 1046 gredi
138 980 173 1032 ed
187 981 385 1034 contessionem
394 980 564 1032 audiendam.
576 979 636 1032 Bul.
646 978 725 1033 Inter
733 983 838 1033 celcra.

83 1161 145 1217 235.
162 1156 259 1230 Quaeri
271 1156 321 1217 bic
335 1163 445 1234 potest,
459 1173 498 1216 an
517 1157 623 1232 puellae
643 1172 735 1216 causa
757 1154 941 1216 educationis
959 1155 1076 1232 ingredi

54 1245 214 1306 llcnielium
228 1245 417 1318 monasteria,
432 1245 531 1321 ibique
553 1261 675 1306 manere
693 1244 773 1304 licite
792 1247 924 1321 queant?
941 1251 1076 1321 Respon-

54 1334 153 1394 demus
167 1351 237 1393 cum
250 1333 450 1394 distinctione.
471 1340 525 1394 tut
541 1333 638 1410 egitur
656 1333 695 1393 de
711 1332 910 1407 monasteriis
925 1332 956 1393 in
970 1334 1077 1410 quibus

55 1438 109 1482 non
139 1424 237 1482 solent
263 1424 356 1500 recipi
382 1423 560 1494 educandam
588 1428 618 1482 et
640 1423 700 1481 boc
728 1439 800 1482 casu
828 1422 941 1498 absque
958 1422 1077 1483 licentia

55 1511 343 1588 &congregationis
364 1512 580 1588 Episcoporum
604 1518 634 1571 et
655 1510 843 1586 Regularium
861 1518 1014 1586 nequeunt
1030 1511 1076 1570 in-

55 1599 131 1674 gredi
145 1609 175 1660 et
188 1600 302 1660 admitti
317 1605 357 1673 (i)
376 1621 382 1660 :
398 1607 428 1661 et
444 1601 546 1662 sibaec
560 1599 728 1660 obtineatur
747 1599 874 1672 licentia,
890 1599 989 1659 adhuc
1002 1617 1076 1660 exa-

55 1704 117 1748 men
130 1699 177 1749 est
190 1688 431 1765 praemittendum
446 1707 537 1765 srrper
551 1689 695 1760 moribus,
712 1689 801 1760 fama,
818 1687 968 1748 habilitate
982 1694 1012 1748 ct
1023 1705 1077 1748 ne-

55 1777 185 1838 cessitate
198 1779 363 1837 educandaa
373 1783 423 1851 (i).
439 1784 494 1838 Aut
515 1778 553 1837 de
573 1776 619 1836 his
637 1775 825 1836 monasteriis
844 1777 951 1852 egitur,
966 1777 997 1836 iu
1011 1777 1076 1852 qui-

54 1861 104 1923 bus
118 1883 158 1926 ex
178 1867 394 1926 consuetudine
417 1866 579 1926 educandae
605 1863 799 1940 recipiuntur,
821 1870 850 1924 et
869 1871 992 1941 possunt
1018 1866 1077 1928 hoc

56 1968 120 2013 casu
146 1954 264 2031 ingredi
287 1973 326 2015 ex
349 1954 571 2016 ordinariorum
591 1953 725 2027 licentia,
748 1953 839 2029 inque
856 1953 1076 2014 monasteriisa

56 2044 205 2116 septennio
233 2060 330 2119 usque
355 2043 393 2103 ad
414 2043 590 2114 vigesimum
609 2042 751 2118 quintum
766 2041 860 2101 aetatis
882 2058 993 2101 annum
1012 2059 1076 2103 ma-

55 2145 130 2205 nere,
146 2132 240 2192 modo
256 2133 399 2208 ingressae
421 2140 542 2191 servent
560 2132 705 2190 clausurae
719 2131 811 2206 leges,
825 2136 856 2191 et
867 2130 899 2190 in
912 2132 980 2191 loco
993 2129 1077 2191 habi-

58 2223 111 2280 tent
124 2239 141 2280 a
156 2221 324 2282 lionialium
339 2220 513 2281 dormitorio
528 2224 686 2296 separato(
707 2226 727 2293 ).
745 2293 747 2297 ι

83 2361 114 2423 (1)
128 2361 191 2411 Bul.
205 2359 257 2412 Per
269 2359 346 2412 mcor
359 2359 499 2412 Benedicti
514 2359 590 2411 XIV.
605 2385 636 2396 —
648 2359 684 2424 (i)
697 2358 735 2410 Ut
748 2359 842 2411 statuit
856 2359 928 2411 idern
938 2359 1075 2413 Pontifex.

58 2455 82 2466 -·
93 2431 127 2496 (3)
141 2433 267 2482 Potestas
281 2431 316 2483 da
327 2431 437 2482 maniat.
455 2444 482 2482 n.
500 2430 568 2482 1507.

85 2610 146 2666 236.
161 2605 205 2666 Ad
218 2606 356 2667 iloniales
371 2607 452 2667 omni
464 2605 580 2668 meliori
587 2606 677 2666 modo
693 2606 839 2680 tutandas,
852 2613 961 2683 praeter
971 2607 1077 2669 arctis-

56 2692 155 2756 simam
177 2696 322 2755 clausurae
347 2697 454 2771 legem,
479 2696 537 2754 alie
557 2695 636 2754 edita
665 2701 710 2755 eat
734 2696 794 2769 lex,
824 2713 882 2772 qua
904 2697 1000 2756 exteri
1021 2698 1078 2759 sub

57 2785 162 2845 severis
173 2784 272 2860 poenis
282 2784 488 2860 prohibentur,
501 2801 539 2844 ne
554 2783 669 2859 possint
682 2784 795 2860 absque
809 2784 947 2870 Episcopi
959 2785 1078 2846 licemia

56 2871 89 2929 ad
111 2872 295 2932 monasteria
321 2873 466 2933 accedere
488 2873 526 2932 ed
553 2873 784 2948 adloquendum
808 2890 877 2933 oum
895 2873 1089 2940 lionialibus„

56 2959 122 3019 llam
135 2959 219 3020 laicis
232 2960 297 3020 sine
312 2962 403 3038 justa,
426 2968 456 3021 et
473 2960 640 3020 rationabili
662 2978 752 3020 causa
775 2962 955 3022 monasteria
968 2961 1077 3022 lionis-

56 3046 122 3108 lium
150 3048 408 3125 frequentantibus
426 3049 713 3124 excommunicatio,
737 3056 767 3109 et
787 3050 902 3111 clericis
921 3050 1077 3128 suspensio

57 3136 203 3197 minitatur
229 3140 282 3210 (l).
310 3137 504 3213 Regularihns
530 3154 603 3198 vero
622 3139 840 3214 alloquentibus
861 3131 1014 3214 Moniales'
1029 3141 1078 3201 vel

57 3224 121 3284 alias
136 3225 279 3286 mulieres
298 3225 330 3284 in
344 3228 482 3286 clausura
503 3227 655 3302 degentes,
674 3225 802 3304 privatio
817 3227 883 3304 ipso
900 3229 979 3289 iacto
994 3229 1078 3290 vocis

57 3313 153 3374 acdvae
164 3319 194 3373 et
207 3312 334 3390 passirae
348 3313 488 3390 infligitur
500 3317 552 3388 (2).

82 3457 116 3524 (l)
128 3460 195 3527 Gap.
209 3461 224 3512 8
239 3459 273 3511 de
286 3461 334 3511 vit.
352 3465 379 3511 et
394 3459 499 3512 honest.
515 3460 606 3513 cleric.
621 3487 652 3498 -
667 3461 701 3526 (2)
718 3460 763 3514 Sic
785 3461 913 3514 statuitur
924 3462 952 3514 in
969 3462 1077 3516 decreto

58 3526 80 3578 Β.
94 3529 316 3596 disgregationis
336 3531 425 3598 ilpisc.
444 3534 471 3583 et
490 3531 588 3596 Regul.
601 3532 672 3584 adito
696 3534 778 3599 jussu
791 3533 859 3586 sixti
873 3533 908 3598 V,
923 3534 994 3600 quod
1008 3535 1075 3588 inta-

57 3610 128 3662 arum
142 3601 292 3657 retertura
309 3601 449 3658 Benaciua
471 3602 500 3657 in
513 3601 606 3658 Theoi.
617 3604 713 3659 moral.
728 3604 762 3658 de
780 3604 907 3658 clausura
930 3617 957 3672 q.
968 3607 992 3667 3,
1007 3619 1035 3672 p.
1050 3606 1075 3672 t,
