2468 4090
528 189 536 198 ·
629 168 790 225 -aor-
1221 108 1222 184 Ν

190 285 378 356 appellabatur
391 284 480 338 incola
493 298 578 354 propo
596 287 732 348 babitans,
753 288 773 340 l.
791 287 846 348 339,
860 287 888 340 ff.
903 288 938 341 dc
951 288 1027 340 verb.
1039 286 1116 352 signif.
1132 288 1195 350 Qnae

189 360 299 414 nomina
311 359 371 410 idco
384 358 452 409 torte
468 359 579 408 retinnit
592 359 715 410 Ecclesia
727 359 867 422 catholica,
881 360 1079 426 quiaproprius
1090 357 1195 410 bdelium

189 429 315 482 sacerdos
331 428 411 480 debet
426 429 581 479 neccssaria
605 429 639 480 ad
662 431 811 495 pascendas
827 432 934 482 animas
949 431 1071 482 omnibus
1085 430 1195 496 suppedi-

188 503 256 566 tare,
269 505 296 552 at
310 500 338 552 in
353 513 403 552 suo
417 498 597 552 determinato
614 499 739 553 districtu
755 501 890 553 babitare.

224 697 288 754 20³,
321 693 475 755 Parocbiae
501 693 585 770 prius
609 693 640 754 in
662 694 742 771 agris
759 701 789 756 et
809 694 904 771 pagis,
925 710 1017 772 quam
1038 694 1069 754 in
1089 694 1195 754 urbibus
1222 687 1223 690 ’

187 782 325 843 videntur
336 800 404 844 esse
416 782 566 843 instituta.
582 783 696 844 Fideles
710 783 790 844 enim
802 785 906 860 procul
921 784 959 844 ab
974 783 1097 843 urbibus
1107 783 1195 842 viven-

187 877 234 933 tcs
247 871 448 947 spiritualibus
465 871 553 931 bonis
573 872 682 948 saepins
702 872 877 944 caruissent,
891 869 917 930 si
930 888 986 948 pro
1000 871 1104 932 iisdem
1115 871 1196 948 perci·

189 960 305 1038 piendis
319 960 357 1020 ad
374 959 561 1022 civitatenses
575 962 718 1022 ecclesias
742 978 862 1038 semper
874 960 1047 1028 debuissent
1060 961 1195 1022 accedere.

187 1054 316 1110 Necesse
329 1049 428 1127 itaque
440 1049 495 1109 init
509 1049 650 1124 oratoria,
664 1051 728 1112 sive
741 1049 885 1111 ecclesias
898 1049 930 1108 in
943 1051 1028 1125 pagis
1043 1057 1194 1122 exstruere,
1223 1055 1224 1122 ζ

190 1156 247 1216 pro
272 1138 379 1200 iisdem
405 1139 580 1200 sacerdotes
608 1140 762 1216 deputare,
791 1139 842 1215 qui
868 1139 1049 1215 temporaria
1075 1138 1195 1215 primun,
1223 1135 1224 1158 ³

189 1226 297 1288 deinde
323 1235 467 1304 perpetua
494 1227 712 1304 Episcoporum
742 1227 891 1304 legatione
924 1228 1123 1304 iungerentur.
1148 1225 1196 1285 Soli

190 1316 329 1395 Episcopi
341 1323 479 1394 poterant
496 1317 632 1393 primitus
650 1317 853 1386 ecclesiastica
870 1315 1033 1378 ministeria
1050 1317 1081 1377 in
1094 1316 1198 1376 urbibus

190 1405 284 1481 obire,
298 1405 328 1466 in
343 1405 460 1483 quibus,
481 1423 551 1467 cum
570 1405 678 1466 deinde
696 1407 736 1466 ob
753 1409 880 1466 multum
898 1407 1060 1467 adauctum
1086 1405 1197 1464 fidelium
1224 1465 1225 1482 ,

190 1511 349 1555 nnmerum
362 1513 423 1554 non
435 1495 562 1571 amplius
575 1495 700 1556 inissent
713 1495 794 1569 satis,
810 1511 934 1555 necesse
948 1496 1038 1554 etiam
1055 1495 1108 1554 luit
1123 1500 1198 1554 Paro-
1224 1491 1225 1510 ¹

191 1583 273 1644 chios
295 1583 467 1657 instituere,
495 1584 576 1660 quod
601 1584 632 1644 in
655 1584 739 1660 pagis
759 1601 820 1644 non
836 1591 905 1644 ante
921 1587 1066 1644 sacculum
1079 1581 1197 1644 Ecclesia

190 1672 323 1746 tertium,
337 1684 367 1733 et
381 1673 411 1731 in
426 1673 550 1732 urbibus
570 1675 663 1733 multo
682 1679 752 1749 post
769 1672 929 1749 contigisse
944 1671 1021 1733 inter
1037 1672 1109 1733 alios
1121 1671 1198 1731 bisto-

189 1755 269 1822 ric'os
280 1761 498 1822 ecclesiasticos
510 1761 643 1823 deiendit
654 1761 782 1834 baroti(
804 1767 826 1834 i.

1223 1853 1226 1878 t

227 1925 263 1991 (i)
277 1927 372 1980 Donati
386 1927 454 1979 Inst.
468 1939 528 1978 can.
545 1924 564 1976 l.
580 1927 604 1984 t,
616 1928 635 1976 t.
646 1926 669 1988 3,
683 1925 711 1976 in
722 1932 778 1977 not.
795 1924 829 1977 ad
843 1924 855 1992 fl
869 1925 899 1978 at
912 1928 939 1976 et
953 1925 991 1978 89.
1003 1925 1134 1978 Institutio
1146 1925 1199 1974 Par·
1225 1933 1226 1940 ¹

180 1998 319 2056 'achonum
339 1998 407 2050 adeo
429 2011 490 2050 sero
511 1997 581 2048 iacta
602 1998 675 2048 clarc
695 1997 871 2058 demonstrat,
888 1997 1022 2048 parochos
1040 2011 1094 2048 non
1109 2005 1197 2048 assoon

191 2068 283 2120 divina
296 2069 465 2122 institutione
478 2082 495 2120 a
508 2067 624 2130 Christo,
640 2081 728 2134 neque
742 2067 777 2118 ab
792 2067 927 2133 apostolis
940 2082 973 2120 cx
989 2067 1149 2120 institutione
1161 2064 1196 2114 di·

190 2141 426 2208 vino-apostolica,
450 2141 493 2194 vel
514 2139 674 2204 simpliciter
688 2141 860 2204 Apostolica;
875 2140 923 2192 sed
941 2144 1047 2191 tontum
1062 2155 1095 2192 cx
1107 2137 1197 2190 institn-
1226 2153 1227 2233 p

191 2213 264 2265 tione
275 2212 415 2264 Ecclaslae.
433 2211 537 2262 Revera
549 2209 577 2260 in
588 2224 699 2277 corpora
706 2211 776 2276 juris
790 2211 964 2263 ecclesiastici
976 2213 1070 2263 nullus
1084 2208 1197 2275 reperitur

191 2283 297 2346 titulus,
311 2279 349 2335 ba
362 2280 451 2348 officio
461 2279 584 2344 Pcroclti,
600 2279 663 2332 licet
676 2281 715 2332 ibi
731 2287 817 2332 exstet
830 2282 934 2344 titulus,
947 2280 979 2332 da
991 2281 1080 2347 officio
1093 2279 1196 2337 aaudiat

192 2353 225 2406 dr
236 2353 323 2419 officio
338 2352 464 2413 macodo,
478 2356 528 2403 etc.
539 2351 598 2402 Hoc
614 2365 679 2403 sane
694 2353 781 2417 magis
795 2352 969 2411 demonstrat,
983 2353 1158 2404 Perochoron
1169 2346 1198 2397 ol·

193 2423 284 2475 licium
296 2438 350 2476 non
366 2437 427 2476 essa
443 2423 471 2473 in
488 2422 608 2473 Ecclesia
625 2422 862 2489 antiquissimum
876 2423 923 2475 scd
937 2422 1055 2474 decursu
1069 2426 1197 2486 temporum

192 2495 227 2548 ab
242 2494 364 2547 Ecclesia
377 2495 539 2546 institutum.
555 2492 641 2544 Adest
660 2493 770 2559 quidem
790 2495 818 2544 in
836 2493 907 2545 libro
929 2495 1010 2544 tertio
1035 2490 1196 2546 Decretalinu

191 2567 287 2618 titulus
302 2565 338 2619 lic
351 2563 495 2632 parochiis,
510 2566 535 2615 at
550 2562 645 2616 alionis
657 2563 848 2629 paroch-ionia·
864 2564 912 2616 scd
933 2578 967 2614 ex
980 2565 1101 2630 quinqua
1114 2561 1195 2626 capito-

192 2637 236 2696 lia,
251 2637 351 2703 quibus
361 2641 473 2694 constat,
487 2647 559 2686 nnus
571 2639 675 2686 tantum
690 2636 806 2686 refertur
819 2634 857 2688 cd
867 2634 1032 2700 presbyteros
1043 2630 1195 2700 parochiales,

193 2712 221 2760 et
236 2709 333 2774 reliqui
343 2708 377 2758 ad
387 2708 558 2772 Episcopum,
572 2706 637 2771 quia
648 2707 713 2757 oiim
725 2706 851 2758 dioecesis
865 2705 1055 2770 appellabatur
1067 2706 1142 2756 etiam
1150 2712 1195 2766 par·

191 2780 278 2840 cobis,
294 2785 321 2832 et
335 2780 407 2830 idem
431 2780 489 2830 erat
511 2777 700 2842 parochianae,
716 2791 747 2828 ac
763 2778 943 2836 dioecesanus,
958 2782 989 2828 ut
1005 2777 1110 2829 eruitur
1123 2789 1151 2827 ex
1161 2784 1194 2820 ru·

190 2851 267 2903 brico
281 2863 341 2915 cap.
357 2853 381 2913 5,
401 2849 487 2915 ejusd.
511 2849 551 2898 tit.
576 2848 654 2910 Quod
677 2855 767 2900 autem
786 2849 879 2899 dicunt
896 2849 1064 2913 Adversarii,
1083 2843 1195 2899 Parocbos

190 2935 251 2976 esse
273 2934 445 2974 successoros
463 2920 495 2970 lt
513 2919 715 2983 discipulorum,
738 2933 806 2984 quos
828 2919 951 2971 Christus
972 2919 1129 2983 designavit.
1145 2915 1195 2964 Lar·

191 3007 216 3046 c.
232 2992 270 3052 10,
285 2992 454 3058 probantium
468 2994 577 3042 nonest
599 3009 606 3040 ε
630 3004 693 3041 nam
714 2996 777 3041 sunt
791 2991 949 3054 Presbyteri
969 2991 1001 3040 72
1018 2989 1194 3054 Discipulornn

191 3077 372 3122 successores,
386 3066 418 3114 ut
430 3063 463 3113 ab
476 3059 605 3112 Ecclesiae
621 3061 764 3112 traditione
778 3061 911 3126 arguitur,
924 3075 1040 3126 qnorum
1054 3066 1194 3126 corpusbss·

191 3135 305 3200 tiqnitus
319 3133 498 3186 constituebat
511 3131 722 3197 presbyterium.
742 3131 835 3197 Aliqui
848 3132 959 3183 tradunt
976 3127 1117 3183 duodecim
1134 3136 1193 3192 paro¹

192 3206 287 3258 chosa
308 3204 337 3256 S.
354 3204 444 3256 Marco
467 3201 497 3254 St
521 3203 596 3253 Patri
620 3201 755 3270 discipulo
772 3203 800 3255 in
814 3203 921 3256 civitate
935 3201 1119 3255 Alexandrina
1130 3197 1194 3251 suisa

193 3277 361 3330 constitutos.
375 3273 487 3341 (Epipb.
506 3271 626 3338 Hieron.)

229 3463 292 3522 204.
307 3463 389 3521 Unus
403 3464 434 3520 et
447 3464 609 3536 perpetuus
622 3474 663 3518 ex
674 3458 778 3534 regula
791 3457 923 3534 generali
934 3455 1152 3518 constituendus
1162 3449 1195 3508 cst

193 3550 225 3614 iu
247 3548 390 3626 parochia
411 3548 585 3612 Parocbus:
608 3563 682 3610 nam
706 3546 837 3624 pluriam
861 3546 1074 3610 administratio
1093 3538 1194 3622 general
