2468 4090
368 709 585 794 ‹rruuuus
624 681 721 794 xxi.

432 969 469 1014 DE
487 969 690 1016 uuouututults.

31 1138 188 1192 Summarum:
206 1139 262 1191 tlt.
281 1139 399 1206 aganus
418 1141 477 1206 quis,
491 1145 513 1193 et
527 1141 643 1208 quonmdo
657 1141 819 1203 consiliatum
837 1169 865 1180 -
880 1141 936 1195 tta.
954 1143 1052 1210 Reputa-

58 1212 117 1262 rium
138 1211 290 1263 institutores.
305 1239 333 1248 -
355 1212 411 1264 213.
434 1212 468 1264 tir
485 1213 592 1279 primaeva
605 1213 746 1266 institutione
760 1213 863 1265 Monaahi
877 1218 941 1266 erant
954 1215 1012 1267 latai.
1022 1241 1053 1259 -·
1107 1241 1109 1244 ·

58 1283 115 1334 ata.
134 1283 255 1342 Quomodo
267 1283 394 1334 dividantur
411 1285 641 1337 monachii-215.
658 1285 701 1344 Qui
716 1299 729 1335 a
745 1289 865 1337 monaoatu
877 1286 1054 1351 prohibeantur?

59 1381 88 1390 —
103 1355 160 1406 tta.
174 1355 282 1420 Tempus,
296 1359 320 1406 ot
332 1354 414 1406 modus
428 1356 549 1420 peragendi
566 1357 711 1408 novitiolam.
731 1383 758 1393 —
769 1357 825 1407 tlt.
838 1357 941 1409 Neritius
952 1361 1054 1424 tempore

60 1425 182 1476 novitiatus
195 1439 243 1477 non
256 1429 332 1490 potest
347 1425 375 1477 do
393 1429 461 1478 rebus
479 1427 526 1479 suis
539 1426 669 1498 disponere,
683 1426 728 1477 nisi
742 1426 868 1479 observatis
879 1428 938 1492 juris
951 1429 1056 1494 prasert-

8 1511 11 1522 ·
60 1496 183 1560 ptionihus.
202 1525 232 1534 -
245 1496 300 1547 ala.
320 1496 375 1556 Qua
393 1498 522 1562 peragenda
540 1499 586 1550 sint
605 1501 658 1563 post
669 1497 810 1558 novitiatum,
826 1501 852 1549 ut
863 1498 975 1563 professio
988 1502 1055 1566 queat

61 1567 149 1619 emitti?
159 1596 182 1604 -
191 1569 246 1619 219.
258 1568 423 1632 Quotupiexsit
434 1567 687 1634 protessio¹roiigiosai
696 1595 727 1606 -
741 1570 795 1620 atu.
807 1569 890 1628 Quales
901 1569 993 1621 effectus
1003 1583 1057 1634 pro·

62 1641 128 1690 ducat
141 1637 252 1690 solemnis
266 1637 394 1704 professio?
403 1665 434 1676 -
446 1641 502 1690 tal.
514 1639 596 1698 Quales
605 1639 680 1690 minus
689 1639 816 1690 solemnis?
826 1667 856 1676 —
866 1641 922 1691 tlt.
938 1639 1056 1706 Regularis

59 1725 107 1763 non
124 1713 202 1776 polest
216 1709 246 1761 de
258 1709 375 1774 reiigione,
392 1709 454 1761 exiro
474 1709 519 1762 nisi
533 1709 699 1774 incorrigibilis.
716 1737 744 1746 -
759 1710 814 1762 223.
829 1710 909 1763 Potest
922 1711 951 1763 do
966 1711 1057 1764 licentis

60 1783 85 1834 S.
100 1781 168 1834 Sedis
181 1781 210 1832 ad
224 1780 359 1832 strietiorem
371 1780 503 1846 religionem
516 1781 621 1834 mansue.
634 1807 665 1820 -
678 1780 734 1834 tat.
749 1781 855 1834 (itinere
864 1795 883 1834 a
896 1782 923 1834 S.
938 1781 999 1834 Sede
1013 1793 1052 1834 se·

61 1851 284 1906 mtorizuotioetto
293 1849 412 1904 indultum.

62 1992 124 2048 itt.
144 1987 308 2063 Regularis‚
328 1986 391 2047 sive
413 1986 577 2063 Religiosus
604 1993 650 2047 est
673 2004 814 2063 persona,
835 2005 913 2064 quae,
937 1990 1053 2052 emissis

35 2075 106 2137 rotis
120 2075 313 2154 paupertatis,
326 2075 512 2150 obedientiae,
528 2083 558 2137 et
572 2075 724 2148 eastitatis,
738 2077 767 2135 in
782 2078 947 2153 approbata
957 2078 1056 2156 aliqua

36 2164 180 2242 Religione
202 2163 285 2239 vivit,
306 2172 340 2224 ut
363 2181 396 2224 se
420 2163 565 2242 perficiat,
584 2170 704 2242 lieoque
719 2163 891 2241 peifeelius,
912 2184 972 2243 quo
990 2167 1056 2228 fleri

36 2261 137 2328 potest,
147 2255 238 2314 vivat.
247 2252 399 2330 Regularis
411 2253 518 2313 dieitur
532 2272 551 2313 a
563 2256 676 2330 regula,
692 2269 782 2331 quam
796 2256 962 2331 profitetur.
976 2261 1055 2329 Qua·-
1142 2279 1144 2284 s

37 2351 151 2418 propter
165 2342 204 2403 ad
214 2359 320 2404 verum
333 2343 509 2420 Regularem
523 2342 839 2403 constituendum'tria
850 2343 1055 2420 requiruntur,

37 2448 158 2508 nempe:
178 2433 209 2492 i⁰
219 2430 339 2492 emissio
353 2431 443 2492 trium
456 2429 605 2491 dictorum
616 2438 766 2503 votorum,
783 2430 890 2508 quibus
903 2431 1057 2507 Regldaris

36 2536 64 2580 se
75 2528 182 2595 tomm,
196 2525 227 2581 et
239 2520 270 2579 in
285 2525 462 2596 perpetuum
474 2521 681 2590 deodevovet,
696 2519 770 2580 dum
781 2536 836 2597 per
848 2527 1057 2596 paupertatem

37 2611 117 2670 affert
137 2610 226 2683 bona,
252 2609 359 2685 quibus
378 2609 552 2682 renunciat;
573 2625 627 2686 per
648 2607 847 2670 obedientiam
861 2610 1055 2685 uoluntatem,

37 2715 119 2774 msam
129 2698 277 2759 mandatis
290 2697 408 2774 subjicit
421 2697 596 2773 superioris3
608 2703 638 2758 et
652 2714 706 2773 per
718 2697 884 2758 castitatem
898 2699 1054 2772 mundum,

39 2787 80 2846 oui
94 2787 236 2848 nuncium
257 2786 354 2848 mittit.
376 2791 408 2844 2⁰
422 2785 590 2862 Requiritur
605 2785 717 2862 Religio
731 2803 749 2844 a
763 2790 792 2846 S.
809 2786 884 2847 Sede
898 2787 997 2859 tacite,
1012 2788 1058 2848 vet
1106 2847 1110 2855 ,

39 2891 174 2951 expresse
186 2875 360 2951 approbata,
369 2891 443 2950 quae
458 2876 635 2950 Regularem
656 2873 794 2950 recipiat,
821 2891 890 2934 nam
913 2875 982 2934 lieet
995 2874 1057 2951 pri-

39 2965 121 3024 mitus
132 2965 300 3041 Religiones
313 2964 423 3024 fuerint
435 2981 453 3022 a
467 2963 538 3025 solis
552 2963 701 3039 episeopis
714 2964 887 3038 approbatae
899 2969 958 3039 (t),
973 2971 1058 3040 post·

40 3069 70 3111 ea
82 3063 180 3113 lamen
192 3070 296 3113 earum
309 3050 508 3112 institutiones
520 3053 640 3111 inerunt
649 3067 766 3112 surnmo
777 3052 912 3111 Pontifici
921 3069 1057 3112 reserva·

40 3147 81 3216 lae,
91 3144 159 3219 quia
172 3143 263 3202 nimia
276 3141 459 3217 Religionum
468 3140 623 3200 diversitas
637 3141 841 3201 confusionem
854 3141 1017 3218 ingerebat,
1027 3148 1058 3202 et

41 3239 271 3308 praesumptuosa
284 3224 450 3306 aliquorum
462 3230 613 3290 temeritas
627 3229 814 3290 diversorum
827 3231 965 3290 ordinum
980 3247 1059 3306 pree·

42 3319 120 3394 eipue
137 3319 363 3380 tlendieautium
375 3320 549 3378 effrenatam
563 3319 647 3394 quasi
664 3319 882 3379 multitudinem
897 3319 1058 3380 adinvene-

43 3415 82 3466 rat
95 3415 144 3482 (ἓ).
160 3409 234 3470 ilino
247 3407 412 3483 Religiones
425 3406 588 3482 primitivae,
605 3423 671 3483 quaa
685 3407 723 3466 ah
738 3406 950 3482 episcoporum
959 3408 1056 3469 lieen-

46 3495 78 3554 tia
89 3497 273 3574 inceperunt,
289 3504 319 3555 et
337 3495 507 3556 etiamnunc
521 3495 661 3568 existunt,
677 3502 747 3556 sunt
768 3496 867 3572 tacite,
887 3503 917 3558 et
936 3497 1058 3574 reliquae

45 3601 177 3662 expresse
197 3603 251 3662 per
273 3601 407 3646 summos
434 3583 592 3646 Pontifices
619 3585 803 3664 approbatae.
838 3591 868 3646 3⁰
891 3587 1059 3664 Requiritur
