2546 4082
403 753 606 838 TITULUS
631 754 746 836 xxii.

456 1013 492 1058 ΒΕ
510 1011 687 1059 nstitutus·

56 1213 215 1266 Suuusaruu.
238 1209 293 1262 225.
312 1209 416 1262 Monlrlls
440 1222 491 1276 qua
515 1208 620 1260 maturi
636 1234 667 1248 -
690 1206 893 1260 italiensium
908 1207 1028 1261 institutio.
1054 1237 1086 1250 -

86 1285 146 1336 t‘ti.
165 1281 302 1334 Earumdem
315 1281 406 1334 divisio.
420 1307 451 1318 -
463 1281 518 1332 223.
533 1280 640 1347 Receptio
650 1279 674 1332 in
684 1279 856 1334 monasterium.
870 1306 899 1318 -
913 1280 968 1332 229.
984 1280 1087 1335 Libertas

86 1356 114 1408 in
127 1354 274 1420 suscipiendo
287 1352 373 1422 habitu,
384 1356 406 1404 et
415 1351 551 1418 profitendo.
562 1379 593 1390 -
602 1351 657 1402 230.
672 1351 719 1404 iios
728 1365 769 1417 pro
780 1351 854 1417 puelia
861 1350 1017 1404 monachandis
1028 1352 1087 1406 licite

89 1426 247 1480 constituitur.
260 1453 291 1464 -
310 1425 365 1475 231.
386 1423 496 1476 lioniales
508 1423 587 1474 stricta
600 1423 710 1475 clemona
726 1422 776 1487 leqo
796 1423 935 1487 inerrassu,
951 1426 974 1473 et
985 1422 1089 1487 inpressu

89 1501 207 1550 urentur.
228 1523 257 1535 -
276 1495 332 1546 232.
346 1493 417 1548 Cusus
430 1494 525 1559 excepti,
539 1493 564 1546 in
576 1493 657 1560 qulbus
668 1508 680 1545 a
693 1493 833 1546 monastario
847 1493 924 1558 agredi
938 1498 1042 1560 possunt.
1056 1523 1089 1535 -

90 1569 150 1620 233.
164 1568 236 1621 Casus
246 1565 342 1632 excepti,
353 1565 470 1629 inquibus
480 1565 550 1616 exteri
562 1564 650 1629 ingredi
663 1568 757 1630 possunt
770 1565 942 1616 monasterium.
956 1593 987 1603 -
996 1566 1051 1617 234.
1062 1566 1090 1618 in

90 1641 137 1692 troc
154 1643 251 1704 utroque
264 1651 318 1690 casu
332 1637 421 1688 licentia
438 1635 561 1702 superioris
582 1637 715 1701 regulariter
732 1636 861 1702 requiritur.
876 1663 906 1674 -
919 1637 976 1688 235.
990 1637 1089 1690 canule

91 1710 226 1763 adhibendae
239 1723 280 1775 pro
298 1708 378 1775 puellis
391 1707 521 1760 cinaedis.
537 1735 568 1746 -
583 1708 638 1760 236.
656 1707 779 1760 Prohibitlo
803 1708 946 1773 colloquendi
963 1707 1016 1762 cum'
1034 1723 1087 1761 tuo-

92 1781 201 1834 nieiihus.
216 1809 247 1818 -
259 1780 315 1830 237.
330 1779 432 1831 iisitatio
443 1778 584 1831 monialium.
594 1806 624 1818 -
636 1781 692 1832 238.
705 1779 804 1842 Eiectio,
814 1783 837 1832 et
847 1780 947 1832 oiiieium
956 1780 1087 1834 abbatissa.

93 1883 124 1894 -
135 1854 193 1906 239.
205 1851 355 1904 tumonialis
365 1855 433 1918 queat
448 1866 476 1903 er
490 1851 628 1905 monasterio
642 1851 702 1918 ejici,
718 1852 758 1903 rel
771 1850 801 1904 eci
812 1851 874 1904 eliud
887 1853 1006 1905 umaro?

97 2009 162 2066 seo.
183 2003 314 2066 lionialis
328 2010 374 2064 est
386 2002 505 2073 femina,
522 2019 599 2078 quae,
614 2001 739 2076 emissis,
756 2002 902 2064 adinstar
923 2005 1089 2066 monacho-

65 2112 132 2156 rum
144 2095 223 2154 votis
237 2091 431 2171 paupertatis,
448 2091 622 2152 obedienciae
636 2098 666 2152 et
677 2092 830 2167 castitatis,
843 2093 899 2152 suh
913 2095 1050 2154 clausura
1058 2095 1088 2154 in

60 2185 228 2261 approbata
242 2180 392 2257 Religione
411 2179 491 2252 vivit,
512 2187 545 2239 ut
562 2197 595 2239 sc
608 2181 752 2257 perficiat,
773 2187 894 2258 lteoque
914 2182 1087 2258 perfectius,

67 2292 124 2350 quo
146 2273 212 2334 fleri
237 2275 345 2348 potest,
369 2267 526 2329 deserviat.
556 2269 688 2329 lionialis
709 2287 766 2345 pro
792 2269 1012 2331 sanctimoniali
1033 2288 1089 2348 par

67 2377 230 2440 syncopem
247 2361 325 2420 forte
345 2358 492 2434 appellata
510 2357 578 2430 fuit,
603 2356 837 2418 sanctimonialis
859 2375 943 2434 vero,
965 2365 1040 2421 teste
1057 2363 1088 2421 S.

67 2450 237 2529 Augustino,
253 2446 352 2509 aritae
368 2445 573 2519 sanctimonia,
591 2462 681 2521 quem
699 2446 789 2506 debet
809 2454 888 2508 statu
900 2447 1089 2525 Regularium

68 2541 160 2618 sequi,
173 2557 212 2599 ax
227 2554 287 2614 quo
299 2536 333 2596 iit
345 2541 380 2596 ut
394 2535 484 2596 etiam
495 2535 637 2594 Monacha
648 2534 775 2595 dicatur.

100 2635 162 2690 226.
183 2628 272 2702 Origo
287 2624 454 2685 tlonialium
468 2640 538 2684 cum
551 2623 665 2699 origine
677 2624 890 2685 llouachornm
904 2630 952 2686 est
964 2626 1089 2703 compli-

68 2718 123 2778 cita
141 2721 181 2790 (t)
198 2736 204 2776 :
221 2730 291 2775 nam
310 2713 388 2773 sicut
401 2711 430 2772 a³
440 2713 544 2788 primis
564 2712 680 2773 saeculis
693 2712 761 2774 vitae
774 2713 958 2790 poenitentia,
976 2722 1006 2776 et
1020 2732 1090 2776 ean-

69 2805 164 2866 otitate
173 2805 341 2864 floruerunt
352 2807 474 2876 asceta,
488 2801 531 2860 sic
544 2800 612 2860 vitae
621 2801 757 2878 puritate,
769 2809 799 2863 et
811 2801 981 2864 innocentia
996 2805 1088 2866 floru·

26 2939 28 2946 .
71 2901 154 2954 crunt
170 2889 871 2970 quaedamVirginesetviduae,quaepcrpetuem
881 2892 1089 2970 virginitatem,

71 2981 321 3044 alcontinentiam
331 2979 450 3057 publice
458 2979 792 3055 prolitentes,ethabitu
801 2981 922 3058 speciali
933 2983 1089 3059 distinctae,

72 3071 178 3133 sanctis
201 3069 343 3148 operibus
362 3067 519 3141 vacabant,
538 3071 659 3144 licoque
685 3069 856 3128 solemniter
875 3071 913 3130 ab
936 3070 1090 3147 Episcopis

73 3161 252 3234 dicabantur,
269 3175 396 3236 quaeque
409 3163 568 3233 propterea
587 3155 722 3234 eprimis
735 3157 873 3219 Ecclesiae
891 3161 1025 3220 Patribus
1039 3165 1090 3222 sa·
1155 3164 1158 3169 '

74 3266 136 3324 ora,
154 3250 201 3309 vel
222 3245 431 3308 ecclesiastica
450 3245 591 3320 Virgines,
612 3252 642 3306 et
654 3245 754 3306 viduae
769 3247 889 3307 luerunt
900 3254 1088 3325 nuncupatae.

75 3339 127 3398 sad
141 3338 251 3398 saeculo
270 3334 408 3396 Ecclesiae
423 3342 539 3410 quarto,
561 3333 633 3394 dum
658 3335 766 3394 harum
785 3335 889 3412 aliquae
907 3335 1044 3412 privatim
1060 3337 1091 3396 in

75 3427 200 3500 paternis
213 3425 326 3486 aedibus
340 3423 482 3500 impensis
495 3420 634 3499 propriis,
649 3424 694 3484 vel
709 3423 846 3485 Ecolcsiae
860 3424 997 3484 subsidiis
1009 3425 1090 3486 vire·

33 3543 36 3548 ·
75 3512 149 3592 bant,
163 3514 230 3579 aliae
241 3515 332 3574 vitam
347 3527 539 3574 communem
558 3512 616 3572 sub
629 3512 782 3574 seniorum
795 3531 869 3574 cura
886 3529 976 3590 agere
1001 3531 1090 3591 cepe-

76 3611 149 3682 nnt,
163 3603 300 3682 aqueus
317 3608 417 3667 ornem
437 3607 484 3664 ost
499 3601 703 3666 monasticum
715 3603 895 3668 laminarum
914 3602 1089 3682 institutum,
1142 3641 1146 3649 ·
