2546 4082
519 227 680 285 -tls-

124 347 250 410 Exilium
263 347 391 425 denique
405 349 547 426 probatur
561 351 599 412 ab
613 348 782 410 Alexandro
797 353 876 424 Papa
888 351 940 422 (7),
951 352 981 408 et
996 365 1014 407 a
1028 350 1116 424 Sym·

87 439 207 511 macho,
223 436 293 513 quia
311 438 350 496 ad
372 438 565 498 Christianam
579 438 752 498 societatem
775 437 928 497 tutandam
941 437 1027 497 valde
1042 453 1117 496 con·

87 526 156 600 tert,
172 527 243 586 dum
258 527 427 587 membrum
441 527 581 587 vitiosum
594 545 612 586 a
625 528 695 587 loco
716 526 884 602 expellitur,
898 527 929 585 in
945 543 1005 603 quo
1016 530 1117 602 potest

88 613 185 689 magis
199 631 319 674 nocere.
331 614 470 674 Ecclesiae
485 623 584 676 tamen
601 621 738 676 Pastores
751 615 849 674 solent
862 615 931 674 loco
945 614 1026 674 exilii
1038 615 1117 675 rele-

87 703 239 777 gationem
252 702 394 776 indicere,
409 705 457 763 vel
472 703 678 780 expulsionem
691 710 778 764 extra
792 702 946 762 dioecesim
958 706 1009 775 (8).

124 789 230 850 Ultimo
250 792 318 851 loco
338 791 415 852 inter
434 809 540 867 poenas
555 791 771 854 ecclesiasticas
792 797 897 852 contra
920 789 1050 851 clericos
1068 809 1118 852 re·

89 878 208 937 censeri
223 879 312 938 etiam
327 886 426 955 potest
439 881 607 940 communio
623 881 709 954 tomo,
729 886 759 940 et
772 879 939 940 commuuio
952 881 1116 955 percoctae.

85 971 101 1025 J
104 973 177 1026 uxta
188 967 339 1028 veriorem
353 970 531 1029 sementiam
544 969 611 1028 dnae
625 969 690 1029 istae
704 985 803 1046 poenae
817 968 858 1028 ita
872 967 1069 1044 explicantur,
1084 974 1118 1028 ut

87 1054 213 1129 scilicet,
228 1055 400 1116 communio
413 1057 489 1117 laica
509 1057 547 1116 sit
569 1074 671 1134 poena,
694 1064 724 1116 et
737 1057 824 1118 simul
838 1056 944 1132 gretia,
960 1072 1118 1132 perquam

88 1143 218 1204 Clericus
238 1145 426 1221 degradatus,
442 1151 472 1205 et
485 1147 633 1206 scelernm
653 1161 725 1206 rere
747 1144 907 1222 poenitens,
931 1145 969 1204 ab
987 1143 1118 1218 Ecclesia

85 1231 239 1308 recipitur,
251 1249 312 1292 non
323 1239 356 1292 nt
369 1233 508 1303 Clericus,
519 1234 573 1294 sed
582 1239 698 1294 tantum
711 1240 745 1294 nt
754 1233 858 1306 laicus,
872 1232 913 1292 ita
926 1238 960 1292 ut
972 1232 1118 1293 laicorum

86 1320 304 1380 catholicorum
312 1321 430 1397 juribus
442 1323 568 1394 fruatur,
582 1329 612 1382 et
626 1327 761 1382 sanctam
776 1321 1020 1382 communionem
1033 1337 1119 1381 more

87 1406 233 1468 laicorum
248 1416 356 1478 sumat,
371 1426 434 1469 uon
455 1426 529 1469 vero
547 1408 647 1469 divina
665 1410 809 1484 mysteria
823 1409 964 1483 celebret,
978 1415 1029 1469 aut
1038 1409 1117 1486 jura,

87 1513 125 1555 ac
146 1495 300 1572 privilegia
321 1497 470 1557 clericalia
492 1498 600 1558 habeat
614 1503 665 1572 (a).
682 1497 856 1558 communio
868 1515 941 1557 vero
958 1496 1117 1574 peregrina

86 1583 128 1643 ita
142 1583 319 1660 explicatur,
334 1592 368 1646 ut
381 1587 407 1646 si
420 1602 521 1662 poena,
536 1603 591 1662 per
613 1602 704 1662 quam
728 1586 858 1648 clericus
880 1586 1042 1662 depositus,
1066 1585 1113 1644 vel

89 1689 254 1748 suspensus
268 1673 357 1734 etiam
371 1674 401 1733 in
416 1691 470 1734 sua
482 1675 604 1735 dioecesi
616 1674 769 1735 reducitur
783 1674 822 1734 ad
835 1673 1036 1734 conditionem
1047 1689 1118 1749 per-

86 1759 272 1836 egrinorum,
291 1769 325 1822 ut
346 1779 407 1822 non
427 1762 521 1839 possit
544 1780 630 1823 sacra
643 1763 787 1838 mysteria
810 1761 919 1835 lacere,
935 1763 988 1822 sed
1002 1766 1117 1822 tantum

86 1848 236 1925 recipere,
252 1852 310 1923 vel,
327 1859 360 1914 ut
374 1851 563 1927 peregrinus,
575 1859 710 1912 sanctam
731 1851 973 1912 communionem
986 1865 1115 1910 sumere.

87 1941 133 1996 Ex
146 1938 255 2013 quibus
273 1938 397 2010 eruitur,
419 1939 661 2000 communionem
679 1941 786 2000 laicam
808 1939 872 1999 dari
887 1938 916 1998 in
931 1939 1050 1998 realiter
1064 1937 1117 1997 de·

86 2025 203 2101 positis,
219 2028 266 2087 vel
280 2027 460 2102 degradetis,
477 2027 527 2104 qni
549 2028 640 2088 cnriae
656 2028 793 2088 saeculari
810 2027 978 2100 traduntur,
990 2033 1020 2086 et
1034 2040 1117 2084 com·

86 2114 261 2175 munionem
275 2115 461 2191 peregrinam
475 2115 504 2174 in
519 2117 679 2176 verbaliter
693 2122 809 2176 tantum
823 2113 1032 2190 depositis,ch
1047 2128 1114 2171 sns-

87 2203 207 2278 pensis,
227 2220 296 2264 cum
319 2205 378 2265 hoc
399 2205 477 2265 inter
496 2212 655 2282 utramque
676 2223 799 2282 poenam
821 2202 1013 2276 discrimine,
1035 2199 1117 2278 quod

88 2293 302 2353 communione
326 2293 402 2354 laica
419 2295 576 2354 damnatus
590 2311 650 2354 non
666 2301 766 2371 potest
785 2295 817 2354 in
830 2292 955 2368 gradum
968 2307 1055 2350 suum
1068 2307 1118 2350 re·

90 2379 182 2455 stitui,
199 2381 254 2440 nisi
276 2399 294 2441 a
316 2399 435 2442 summo
454 2381 595 2442 Pontiflce
617 2399 657 2442 ex
675 2381 886 2458 specialissima
906 2378 1022 2455 gratia,
1045 2377 1116 2441 dum

90 2469 250 2528 damnatus
265 2471 475 2530 communione
490 2472 659 2548 peregrina,
679 2469 855 2548 poenitentia
872 2474 1006 2546 peracta,
1025 2467 1118 2528 modo

89 2555 303 2633 irregularitas,
318 2561 367 2619 rel
389 2558 470 2618 aliud
489 2560 736 2636 impedimentum
759 2575 821 2619 non
847 2555 1003 2646 obstetur
1028 2571 1117 2620 suum

89 2646 218 2720 gradum
231 2647 270 2706 ab
283 2647 432 2724 Episcopo
446 2648 610 2709 restituitur
624 2653 694 2720 (lt).

121 2808 158 2873 (l)
179 2809 246 2876 Cap.
273 2811 313 2876 27,
337 2811 371 2864 de
391 2813 466 2864 verb.
489 2813 578 2878 signif.
594 2841 626 2851 -
648 2812 685 2878 (l)
701 2813 764 2877 Gap.
790 2813 814 2870 3,
835 2812 869 2864 de
891 2812 986 2878 poenit.
1004 2811 1031 2862 in
1045 2809 1071 2862 6.
1086 2837 1117 2853 -

89 2879 126 2945 (3)
140 2881 213 2932 sess.
228 2882 268 2941 25,
284 2897 307 2934 c.
323 2883 348 2943 3,
362 2883 397 2934 da
410 2884 460 2934 rel.
475 2911 506 2920 -
519 2885 555 2949 (l)
569 2885 676 2936 Certum
700 2890 742 2936 est
755 2884 790 2934 ab
804 2884 1001 2950 antiquissimis
1015 2886 1116 2948 tempo·

89 2952 168 3004 ribus
181 2953 209 3003 in
223 2953 345 3006 Ecclesia
358 2955 494 3007 exstitisse
509 2969 641 3020 carceres,
656 2969 718 3021 quae
734 2955 944 3022 appellabantur
957 2952 1116 3013 Diocanice,

89 3023 147 3075 sive
167 3021 312 3089 decanica,
335 3027 364 3076 in
387 3026 486 3092 quibus
506 3026 643 3078 criminosi
665 3027 883 3089 recludebantur,
902 3031 934 3076 ut
953 3025 1020 3092 ipsae
1043 3024 1117 3090 leges

89 3094 273 3146 Romanorum
288 3096 480 3148 demonstrant.
497 3097 628 3149 Ganzales
642 3097 677 3148 ad
692 3098 736 3147 cit.
753 3111 812 3162 cap.
827 3098 868 3158 ti,
883 3096 916 3148 de
928 3096 1004 3148 verb.
1025 3095 1116 3160 signis.

88 3163 140 3215 dus
157 3163 281 3218 becrens
301 3167 436 3234 plectendi
459 3181 508 3233 per
531 3181 654 3220 carceres
671 3168 755 3219 habet
774 3167 905 3227 Ecclesia,
920 3167 991 3232 quod
1003 3168 1050 3231 jus
1063 3165 1117 3218 sibi

89 3233 157 3286 nelle
171 3249 280 3288 servare
293 3238 414 3306 declarat
427 3243 585 3304 sequentem
598 3237 750 3290 damnando
764 3239 975 3304 propositionem
984 3257 991 3286 ε
1001 3235 1117 3290 lindesia

88 3305 131 3358 nis
142 3306 292 3373 inscrenda
305 3311 463 3374 potestatem
476 3323 532 3363 non
546 3309 634 3374 habet,
650 3323 736 3376 neque
748 3313 906 3376 potestatem
918 3309 1004 3361 uttam
1016 3311 1116 3374 tempo-

88 3377 176 3430 ratcm
191 3377 332 3438 directam.
349 3381 390 3432 vel
402 3381 574 3435 indirectam.
595 3382 697 3446 Sylleb.
712 3395 788 3448 prop.
807 3381 847 3432 tl.
863 3383 1010 3447 Propterea
1022 3393 1040 3430 a
1052 3393 1116 3432 vern

88 3447 206 3499 multum
220 3450 355 3514 aberrant,
366 3453 413 3517 qui
424 3455 487 3517 jura
500 3453 630 3505 Ecclesiae
643 3452 671 3503 in
680 3452 732 3504 hnc
743 3452 902 3504 imminuere
916 3465 970 3503 non
979 3456 1115 3514 verentur,

65 3581 69 3587 ¹
88 3522 121 3571 ut
132 3523 291 3584 potestatem
305 3523 412 3574 civilem
425 3529 552 3589 augeant.
570 3525 670 3591 quique
693 3524 799 3588 praxim
813 3525 938 3575 invocant
953 3523 1116 3576 annuariam

89 3591 119 3642 in
132 3575 258 3658 pluribus
270 3591 435 3657 diceceslbns,
448 3597 629 3660 observatam,
654 3607 716 3663 qnae
739 3595 935 3663 impotentiam.
950 3594 1008 3648 sive
1022 3593 1115 3648 dallei·

215 3688 239 3741 1.
364 3687 375 3712 ¹
980 3691 1008 3746 tt
