2546 4082
506 257 540 269 ·-
563 229 612 284 i'll
634 257 669 270 -

40 327 136 401 hisce
162 349 330 416 temporssrus
349 349 464 402 nimium
485 349 622 417 frequens,
637 353 663 403 et
678 351 757 418 quasi
770 364 911 404 commune
925 352 1025 404 tactum
1042 351 1088 408 sit.

42 422 75 473 S.
93 422 287 487 congregotio
301 423 490 487 inquisitionis
512 435 561 486 pro
581 425 654 474 statu
672 423 813 474 Pontificio
828 424 958 479 Litteram
972 423 1091 490 encycli-

42 506 116 544 cam
137 497 264 544 recenter
278 493 376 554 emisit,
399 508 452 558 qua
471 493 590 552 mandet,
615 496 654 557 ut,
679 495 737 546 sola
759 496 872 546 veritate
895 496 936 547 rei
961 495 1082 560 inspecte

43 564 212 617 summarie
225 569 320 616 contra
331 564 506 630 blasphemos
520 565 690 630 procedetur,
706 569 734 616 et
746 572 777 617 ut
792 566 908 632 correpti
923 567 950 617 in
966 565 1092 630 flagranti

43 635 176 758 {QUO
190 636 219 688 in
233 649 343 689 carcere
357 635 545 688 detrudantur.
559 636 639 688 Anat.
658 639 715 702 jur.
732 637 808 688 Pont.
827 637 862 688 ed
884 649 926 688 an.
943 637 1014 702 1857,
1028 651 1090 704 pag.

84 878 162 934 264.
179 873 371 950 sacrilegium
384 882 426 934 cst
438 873 557 935 violatio
566 891 709 952 persone,
727 877 771 935 rci
788 881 842 936 out
858 873 912 934 loci
926 875 982 934 Dco
996 875 1092 949 ccccm

44 968 80 1022 et
95 969 140 1026 ut
154 963 338 1040 blasphemio
353 968 413 1022 Deo
424 963 532 1039 iniuria
546 963 695 1039 irrogatur
709 964 819 1038 verbis,
834 963 875 1022 ita
888 964 919 1023 in
934 963 1091 1038 sacrilegio

45 1053 169 1124 faotis3
186 1069 223 1110 ac
237 1051 362 1126 proinde
377 1069 435 1140 pro
450 1069 486 1112 ea
500 1059 596 1128 parte,
616 1070 675 1126 qua
690 1052 797 1128 injuria
810 1059 926 1112 tanturn
937 1056 1001 1111 lieo
1014 1051 1091 1112 irro-

46 1145 150 1213 gatur
164 1137 204 1196 ad
224 1136 332 1196 delicta
351 1153 433 1196 mere
451 1136 656 1196 ecclesiastica
675 1137 812 1211 pertinet.
829 1135 1023 1212 Sacrilegium
1038 1137 1090 1196 tri-

47 1226 135 1301 plex
150 1229 205 1296 est,
222 1241 331 1300 nempe
349 1225 515 1300 personale,
532 1224 613 1301 quod
628 1224 822 1283 committitur
835 1224 864 1282 in
879 1225 1016 1299 personis
1030 1229 1090 1284 Deo

47 1313 169 1387 sassie,
184 1320 219 1373 nt
229 1330 284 1388 per
298 1319 457 1388 peccatum
472 1319 578 1372 contra
593 1318 721 1384 sextum,
736 1319 765 1372 et
779 1329 833 1388 per
849 1312 1089 1388 percussionem

49 1397 153 1471 rente,
170 1398 252 1474 quod
265 1397 459 1458 committitur
475 1397 506 1457 in
520 1397 611 1456 rebus
632 1401 691 1456 Deo
714 1398 815 1470 sacris,
831 1405 864 1456 ut
884 1413 938 1472 per
952 1401 1091 1472 protana·

49 1487 187 1560 tionem,
202 1503 316 1562 perque
328 1487 451 1558 lurtum,
469 1487 551 1561 quod
574 1486 608 1544 dt
626 1485 787 1546 auferendo
805 1503 927 1546 socrum
946 1486 980 1544 dc
993 1501 1089 1560 ccmo,

53 1591 187 1636 socrum
201 1575 235 1634 dc
248 1591 310 1634 con
322 1591 415 1646 ccmo,
432 1581 458 1633 ct
472 1591 534 1634 non
554 1591 675 1634 socrum
693 1574 728 1632 dc
745 1590 839 1643 socco,
855 1573 932 1633 sicut
948 1579 1091 1634 Doctores

51 1665 244 1742 loquentum
261 1681 297 1723 ac
319 1663 448 1739 denique
472 1663 571 1736 tocolc,
588 1662 669 1738 quod
692 1662 893 1722 committitur-
908 1662 938 1721 in
957 1663 1092 1722 Ecclesia

53 1771 114 1830 per
128 1752 367 1826 irreverentiam,
383 1769 497 1827 perque
512 1752 719 1826 pollutionem.
735 1757 800 1812 tam
813 1768 886 1811 vero
901 1751 1091 1827 sacrilegium

53 1842 225 1918 personale
239 1858 293 1917 per
303 1840 539 1916 percussionem,
551 1847 581 1900 et
595 1842 676 1900 reale
689 1857 743 1916 per
752 1841 864 1900 lurtum
873 1857 942 1900 eum
950 1841 1091 1900 Ecclesiae

56 1930 252 2004 effractione,
267 1930 383 2005 papalis
397 1929 716 1990 excommunicationis
729 1947 821 2004 poena
835 1928 957 2005 punitur
970 1931 1027 2001 (t);
1041 1930 1090 1989 alii

55 2037 136 2080 vero
155 2019 303 2095 sacrilegii
318 2035 407 2078 casus
425 2035 465 2079 ex
475 2020 543 2095 jure
558 2019 705 2079 canonico
719 2017 883 2093 puniuntur
898 2019 998 2094 poenis
1011 2019 1090 2078 arbi·

54 2109 164 2170 trariis
176 2111 226 2181 (i).

91 2203 163 2259 Huc
177 2203 292 2272 spectat
305 2211 448 2272 magnum
468 2196 542 2255 illud
562 2195 712 2268 delictum,
733 2194 813 2270 quod
835 2195 1038 2255 confessarius
1059 2195 1090 2254 in

56 2286 222 2346 audiendis
235 2284 471 2344 confessionibus
485 2283 652 2358 committit,
667 2285 787 2360 quando
802 2283 832 2341 in
847 2290 916 2344 actu
928 2284 1090 2344 confessio-

55 2375 116 2450 niS,
140 2375 191 2434 rel
212 2381 291 2446 ante,
310 2375 358 2432 vel
382 2372 553 2432 immediate
570 2378 648 2448 post,
675 2371 845 2442 occasione,
869 2377 921 2430 aut
942 2377 1091 2446 praetextu

55 2462 273 2536 confessionis,
289 2463 338 2522 vel
352 2463 441 2522 etiem
455 2468 542 2520 extra
557 2461 778 2520 confessionem
791 2459 821 2518 in
836 2460 905 2518 loco
918 2459 957 2518 ad
968 2458 1090 2518 audien·

56 2553 114 2612 das
129 2552 335 2612 confessiones
355 2546 512 2623 destinato,
532 2551 570 2609 ad
590 2550 756 2622 inhonesta,
774 2555 803 2608 et
826 2548 924 2623 turpia
941 2547 1090 2624 poeniten-

55 2648 123 2704 tem
136 2647 295 2718 provocat.
310 2644 374 2716 Hoc
388 2639 531 2699 delictum
541 2637 706 2702 sollicitatio
718 2635 837 2707 dicitur,
848 2643 878 2696 et
891 2635 931 2695 ob
945 2635 1092 2711 triplicem

56 2732 185 2790 allamm
197 2729 345 2790 rationem
357 2728 511 2788 infandum
526 2727 717 2803 sacrilegium
729 2732 792 2799 est3
809 2742 879 2784 narn
894 2741 1012 2784 sacram
1025 2741 1091 2798 per·

55 2835 168 2878 sonam
184 2816 277 2894 ipsius
289 2817 462 2877 confessarii
482 2816 615 2890 offendit,
633 2832 698 2875 rem
714 2831 842 2888 sacram,
862 2815 975 2873 scilicet
988 2829 1090 2872 sacra-

56 2915 198 2968 mentum
220 2906 407 2966 Poenitentiae
426 2905 574 2981 profanat,
596 2911 626 2964 et
650 2920 770 2964 sacrum
787 2904 900 2977 locum,
917 2903 966 2960 vel
985 2903 1087 2961 Eccle-

57 2997 137 3058 siam
153 2996 311 3071 deturpat:
333 2994 413 3056 unde
438 2993 620 3069 gravissimis
644 2993 743 3069 poenis
763 3010 782 3051 a
799 2994 867 3068 jure
886 2990 1041 3066 plectitur3
1060 2997 1090 3050 et

60 3086 188 3162 quidem
201 3090 270 3160 post
283 3085 384 3158 plures
398 3099 585 3143 summorum
603 3081 779 3141 Pontificum
793 3078 1019 3140 constitutiones
1034 3083 1089 3138 Be-

57 3175 200 3235 nedictus
212 3177 271 3232 xlv
294 3175 334 3246 (3)
361 3179 466 3232 contra
482 3171 689 3247 delinquentes
703 3170 791 3230 infert
805 3167 1031 3246 suspensionem
1044 3169 1086 3227 le-

57 3263 164 3323 rendae
179 3262 332 3321 sententiae
356 3261 394 3320 ab
411 3260 525 3333 ordine,
541 3267 571 3320 et
593 3259 750 3333 beneflcio,
766 3265 796 3319 et
810 3263 985 3333 perpetuam
1003 3255 1087 3314 inha-

58 3351 207 3414 bilitatem
228 3351 266 3410 ad
284 3350 376 3409 llissae
396 3348 629 3410 celebrationem
650 3350 712 3419 (t):
734 3348 856 3422 insuper
869 3344 1088 3421 praecedentem

58 3439 176 3505 bullam
197 3439 377 3499 confirmans
392 3438 523 3514 Gregorii
537 3441 583 3496 XV
598 3441 639 3510 (5)
654 3436 785 3508 mandat,
800 3441 833 3495 ut
848 3432 1056 3494 sollicitatores
1070 3451 1088 3492 a

62 3527 229 3590 sollicitatis
242 3526 421 3604 inquisitori,
439 3529 487 3587 vel
507 3524 663 3586 ordinario
679 3524 907 3596 denuncientur,
921 3528 955 3582 ut
969 3523 1085 3582 coufes-

62 3619 134 3680 sarii
147 3613 306 3680 teneantur
319 3615 509 3693 poenitentes,
525 3631 603 3704 quos
617 3614 755 3682 noverint
767 3612 858 3681 fuisse
872 3611 911 3675 ab
925 3609 990 3679 aliis
1000 3611 1086 3680 solli-
