2566 4102
590 235 622 248 -
640 219 705 264 intr
723 235 758 248 -

125 327 128 332 '
158 335 309 404 nequeunt
322 328 437 406 absque
449 326 581 404 episcopi
601 329 720 389 licentia
733 327 890 390 admittere
901 329 953 403 ita,
968 333 999 403 ὅς
1015 346 1075 406 qua
1092 344 1185 406 poena

161 415 345 492 negligentes
368 416 530 492 puniantur
549 417 600 491 io,
622 423 649 477 7.
674 419 786 479 Debent
803 423 996 478 Sacramenta
1015 418 1188 479 ministrare
1274 477 1275 482 ,

161 509 231 579 2093
253 505 323 565 lidei
342 505 559 582 professionem
577 506 721 580 emittere,
736 508 909 582 exemplum
926 507 1071 585 praebere,
1087 515 1116 567 et
1129 506 1190 568 alia
1274 565 1275 568 ,

161 595 264 654 iacere
274 595 327 668 id,
342 600 376 667 53
390 595 421 654 in
441 594 584 674 parochia
600 596 731 656 residere
744 599 812 669 2103
832 597 983 672 quomodo
996 595 1191 672 intelligenda

160 683 226 744 haec
238 683 397 744 residentia
409 685 460 758 tn,
473 685 584 745 habent
597 702 636 746 ex
650 702 742 746 cause
753 685 921 745 rationabili
942 685 1089 746 trimestre
1103 703 1192 744 vaca·
1274 717 1275 742 3

161 770 262 846 tioniS,
272 779 302 832 et
316 789 355 832 ex
370 791 461 834 cause
480 773 563 850 gravi
583 774 729 850 usquead
742 773 969 850 quadrimestre,
985 775 1089 834 relicto
1103 774 1190 834 Vica-
1274 827 1275 830 ,

163 859 218 933 riu,
239 866 269 922 et
286 861 325 923 de
344 861 480 940 Episcopi
501 863 620 924 licentia
639 863 689 936 tu,
711 879 778 940 quae
802 880 893 922 causa
914 861 1105 936 rationabilis,
1122 880 1192 939 quae
1274 861 1275 864 ’

163 950 264 1026 gravis
277 951 328 1024 id,
343 955 361 1010 i
378 959 405 1010 ct
425 955 458 1025 33
483 952 591 1028 quibus
607 951 707 1030 poenis
726 959 816 1028 queat
830 958 937 1011 contre
951 969 1010 1011 nun
1026 953 1194 1012 residentes
1274 1019 1275 1022 Ἴ

165 1038 288 1116 procedi
301 1040 352 1113 ib,
369 1047 399 1114 ις
415 1058 492 1102 onus
505 1041 673 1102 residentiae
686 1041 858 1101 extenditur
871 1041 908 1100 ed
930 1057 1035 1100 omues
1046 1041 1193 1102 habentes
1274 1089 1275 1092 ,

166 1144 270 1188 curam
285 1127 461 1204 animarum,
481 1131 520 1190 ad
538 1131 752 1207 coadjutorem,
767 1135 798 1189 et
811 1128 900 1190 simul
913 1128 1096 1206 coadjutum,
1111 1137 1141 1190 et
1154 1131 1194 1189 ad

167 1233 345 1277 oeconomos
358 1219 409 1291 iu..
425 1223 452 1280 6.
467 1219 617 1280 Parocbus
637 1218 736 1295 quoad
755 1217 977 1278 matrimonium
998 1222 1052 1278 tul
1070 1225 1097 1278 ct
1114 1233 1193 1294 seqq.

203 1312 348 1368 Plsrucct
362 1309 496 1370 adbiberi
510 1307 612 1386 nequit
624 1308 656 1366 in
675 1325 763 1368 sacro
781 1307 961 1368 celebrando
975 1307 1089 1384 absque
1102 1307 1195 1368 licen-

168 1396 209 1456 tia
223 1403 335 1458 sanctae
348 1398 433 1458 Sedis
446 1402 492 1459 81.
746 1447 749 1452 .

205 1491 383 1548 Ptrnrtscm
398 1491 463 1560 1393
479 1487 619 1561 majores,
633 1492 663 1546 et
676 1486 808 1546 minores
821 1485 871 1558 tte
887 1501 991 1558 eorum
1004 1487 1073 1562 jura
1088 1489 1150 1547 tro.

204 1579 403 1645 Ptrnruoruun
416 1575 649 1638 ecclesiasticum
672 1575 703 1634 in
726 1574 834 1651 quibus
846 1573 934 1634 bonis
948 1575 1088 1635 constitui
1101 1575 1199 1650 possit
1274 1633 1275 1650 ,

169 1667 222 1736 9⁴3
235 1663 266 1722 in
283 1681 343 1740 que
357 1664 520 1740 quantitate
533 1665 625 1724 annui
637 1663 771 1724 redditus
785 1664 823 1724 sit
837 1663 1080 1724 constituendum
1089 1664 1141 1737 ib,
1160 1667 1198 1737 8‘3

171 1752 366 1813 constitutum
383 1753 505 1813 alienari
522 1769 583 1813 non
606 1758 704 1828 potest
727 1753 767 1812 ilr.
796 1757 1001 1812 iuramentum
1027 1769 1045 1812 a
1070 1752 1200 1812 testibus

172 1841 376 1918 prestandum
390 1847 435 1916 95,
449 1846 477 1902 5.

207 1934 352 1992 Ptrrorus
374 1947 451 2006 quos
473 1929 599 2006 recipiat
614 1929 744 1990 honores
759 1929 797 1988 ab
810 1930 937 1990 ecclesie
952 1937 1109 2006 petronate
1122 1933 1198 2004 5563

173 2019 294 2095 quando
307 2021 345 2078 ab
359 2037 395 2080 ea
414 2021 520 2080 babeat
538 2019 679 2080 alimenta
698 2019 749 2088 ib,
773 2023 800 2078 3.
825 2024 984 2080 Praeseutet
1004 2019 1147 2080 clericum
1160 2019 1203 2078 ad

174 2107 352 2169 beneficium
365 2126 477 2168 vacans
488 2109 566 2169 intra
580 2115 698 2183 tempus
711 2108 938 2183 legitimumtb,
953 2115 985 2180 l,
1001 2125 1091 2184 quem
1104 2107 1203 2183 possit

113 2269 114 2274 η
173 2203 356 2273 praesentare
377 2202 446 2270 5573
460 2197 531 2272 quid
543 2197 568 2256 si
581 2196 619 2257 sit
631 2198 729 2256 minor
742 2197 793 2270 ib,
809 2202 843 2270 23
859 2196 998 2268 veladsit
1010 2195 1203 2276 praesentatio

175 2285 356 2362 principalis,
372 2292 401 2346 et
413 2285 619 2362 procuratoris
634 2287 683 2359 iis,
702 2287 864 2346 sumbone
884 2285 944 2344 fide
958 2285 1054 2345 valide
1067 2302 1202 2362 praesen-

176 2379 228 2446 tat,
244 2390 424 2449 quemquam
439 2373 477 2434 sit
490 2374 520 2434 iu
542 2375 606 2434 sola
624 2375 750 2450 pacifica
764 2374 847 2450 quasi
861 2373 1053 2448 possessione
1067 2390 1204 2450 praesen-

175 2462 258 2524 tandi
281 2467 353 2534 5583
377 2463 403 2522 si
422 2451 476 2523 'hic
500 2480 669 2538 possessor,
691 2470 721 2522 ct
741 2470 884 2539 patronus
906 2469 1097 2538 presentent,
1116 2462 1205 2538 cujus

178 2551 362 2628 praeferende
376 2551 566 2626 presentatio
579 2551 630 2624 tue
648 2550 800 2626 possessio
815 2549 938 2626 prodest
955 2551 1044 2610 etiarn
1057 2557 1204 2610 extraneo

177 2642 216 2702 ad
230 2641 470 2716 praesentandum
484 2625 614 2700 admisso
628 2645 696 2712 5593
713 2640 739 2700 si
750 2642 801 2716 qui
815 2638 1000 2714 petronisint
1010 2637 1141 2716 impediti
1153 2655 1207 2698 ne·

176 2729 290 2808 gotium
303 2729 455 2805 perficitur
468 2730 506 2788 ab
519 2729 585 2790 aliis
598 2730 636 2790 ib.
654 2735 723 2802 Quae
737 2729 796 2788 sint
810 2745 903 2788 onera
921 2729 1038 2804 patroni
1059 2732 1124 2800 ddi,
1147 2745 1206 2788 ne-

132 2827 135 2834 '
176 2821 240 2896 quit
253 2838 286 2880 se
299 2819 435 2896 ingerere
445 2818 476 2879 in
486 2819 702 2896 jurisdictione,
717 2827 746 2878 et
758 2817 905 2879 fructibus
917 2819 1054 2879 ecclesiae
1067 2819 1104 2878 ib.
1122 2822 1207 2890 Quot

172 2909 274 2970 modis
287 2910 402 2970 amittat
413 2911 462 2983 ius
474 2915 648 2984 patronatus
661 2913 725 2970 562.
1274 2903 1275 2908 ’

213 3003 373 3062 Panormus
387 3003 450 3058 273.
1274 3055 1275 3070 ,

213 3091 358 3148 Pacuuius
370 3091 438 3158 'tlt;
454 3085 631 3146 clericorum
645 3087 807 3162 quotuplex
827 3089 894 3158 7183
916 3083 1121 3162 patrimoniale
1135 3101 1205 3161 quae
1274 3079 1275 3154 ῗ

159 3229 161 3233 .
176 3176 256 3236 bona
268 3174 560 3250 comprehenderim
571 3174 643 3249 quid
653 3175 691 3234 de
699 3174 786 3234 bonis
794 3173 904 3234 clerico
914 3191 968 3250 per
981 3179 1203 3250 testamentum,
1274 3187 1275 3254 j

178 3265 227 3324 vel
240 3262 603 3334 donationemrelictisib.;
617 3262 829 3338 quiddebonis
839 3280 878 3322 ex
888 3262 991 3322 illicite
1001 3260 1204 3338 negotiatione
1274 3261 1275 3264 ’

176 3351 567 3430 questusu.‚1.reouuum
580 3351 815 3412 ecclesiasticum
832 3369 899 3428 quae
912 3352 992 3412 bona
1005 3351 1204 3427 comprehen-
1274 3407 1275 3410 ,

178 3441 301 3502 duilli.
312 3442 480 3517 Quotuplex
493 3439 642 3517 peculium
653 3441 817 3500 secundum
831 3443 913 3518 leges
925 3441 1026 3501 civiles
1041 3439 1091 3512 ib,
1107 3444 1120 3499 l
1134 3457 1204 3499 :ce-

178 3535 302 3600 strense,
313 3537 343 3590 et
352 3529 437 3606 quasi
445 3535 597 3589 cestrense
610 3529 699 3604 pleno
705 3529 773 3604 iure
782 3528 931 3603 pertinent
945 3528 983 3588 ed
997 3527 1139 3588 clericum
1149 3527 1202 3601 tn,
1274 3543 1275 3550 ¹

178 3617 377 3682 adventitium
393 3619 431 3679 ad
450 3617 640 3696 Episcopum,
659 3617 683 3677 si
707 3617 833 3678 clericus
845 3617 888 3679 sit
902 3617 1076 3694 Episcopus,
1092 3617 1141 3677 vel
1160 3617 1201 3677 ad
1274 3631 1275 3638 ³
