<?xml version="1.0" encoding="UTF-8"?>
<!DOCTYPE html PUBLIC "-//W3C//DTD XHTML 1.0 Transitional//EN"
    "http://www.w3.org/TR/xhtml1/DTD/xhtml1-transitional.dtd">
<html xmlns="http://www.w3.org/1999/xhtml" xml:lang="en" lang="en">
 <head>
  <title>
</title>
<meta http-equiv="Content-Type" content="text/html;charset=utf-8" />
  <meta name='ocr-system' content='tesseract 3.04.00' />
  <meta name='ocr-capabilities' content='ocr_page ocr_carea ocr_par ocr_line ocrx_word'/>
</head>
<body>
  <div class='ocr_page' id='page_1' title='image "./summainstitutio00ferrgoog_0167.png"; bbox 0 0 2490 4088; ppageno 0'>
   <div class='ocr_carea' id='block_1_1' title="bbox 549 129 708 188">
    <p class='ocr_par' dir='ltr' id='par_1_1' title="bbox 549 129 708 188">
     <span class='ocr_line' id='line_1_1' title="bbox 549 129 708 188; baseline -0.013 -18"><span class='ocrx_word' id='word_1_1' title='bbox 549 129 708 188; x_wconf 73' lang='lat'>..102-</span> 
     </span>
    </p>
   </div>
   <div class='ocr_carea' id='block_1_2' title="bbox 120 251 1160 967">
    <p class='ocr_par' dir='ltr' id='par_1_2' title="bbox 120 251 1160 967">
     <span class='ocr_line' id='line_1_2' title="bbox 120 251 1152 321; baseline -0.002 -12"><span class='ocrx_word' id='word_1_2' title='bbox 120 258 229 321; x_wconf 87' lang='lat' dir='ltr'><strong>tionem,</strong></span> <span class='ocrx_word' id='word_1_3' title='bbox 244 259 275 309; x_wconf 89' lang='lat' dir='ltr'><strong>ut</strong></span> <span class='ocrx_word' id='word_1_4' title='bbox 288 270 304 308; x_wconf 91' lang='lat' dir='ltr'><strong>a</strong></span> <span class='ocrx_word' id='word_1_5' title='bbox 317 268 367 308; x_wconf 90' lang='lat' dir='ltr'><strong>sua</strong></span> <span class='ocrx_word' id='word_1_6' title='bbox 378 253 488 308; x_wconf 74' lang='lat' dir='ltr'><strong>dioecesi</strong></span> <span class='ocrx_word' id='word_1_7' title='bbox 497 251 747 306; x_wconf 76' lang='lat' dir='ltr'><strong>encardinationem</strong></span> <span class='ocrx_word' id='word_1_8' title='bbox 761 255 882 308; x_wconf 85' lang='lat' dir='ltr'><strong>obtineat</strong></span> <span class='ocrx_word' id='word_1_9' title='bbox 891 255 926 308; x_wconf 85' lang='lat' dir='ltr'><strong>ed</strong></span> <span class='ocrx_word' id='word_1_10' title='bbox 937 253 1064 308; x_wconf 82' lang='lat' dir='ltr'><strong>ellectum</strong></span> <span class='ocrx_word' id='word_1_11' title='bbox 1078 254 1152 308; x_wconf 87' lang='lat' dir='ltr'><strong>ordi·</strong></span> 
     </span>
     <span class='ocr_line' id='line_1_3' title="bbox 120 323 1155 394; baseline -0.004 -12"><span class='ocrx_word' id='word_1_12' title='bbox 120 343 170 382; x_wconf 88' lang='lat' dir='ltr'><strong>nes</strong></span> <span class='ocrx_word' id='word_1_13' title='bbox 184 326 331 394; x_wconf 88' lang='lat' dir='ltr'><strong>recipiendi</strong></span> <span class='ocrx_word' id='word_1_14' title='bbox 344 327 379 378; x_wconf 89' lang='lat' dir='ltr'><strong>ab</strong></span> <span class='ocrx_word' id='word_1_15' title='bbox 398 325 451 380; x_wconf 89' lang='lat' dir='ltr'><strong>clio</strong></span> <span class='ocrx_word' id='word_1_16' title='bbox 465 323 609 391; x_wconf 79' lang='lat' dir='ltr'>Episcopo,</span> <span class='ocrx_word' id='word_1_17' title='bbox 630 338 686 378; x_wconf 88' lang='lat' dir='ltr'><strong>non</strong></span> <span class='ocrx_word' id='word_1_18' title='bbox 707 326 786 379; x_wconf 82' lang='lat' dir='ltr'><strong>facile</strong></span> <span class='ocrx_word' id='word_1_19' title='bbox 808 325 890 380; x_wconf 89' lang='lat' dir='ltr'><strong>talem</strong></span> <span class='ocrx_word' id='word_1_20' title='bbox 904 325 1043 379; x_wconf 81' lang='lat' dir='ltr'><strong>licentiam</strong></span> <span class='ocrx_word' id='word_1_21' title='bbox 1058 323 1155 388; x_wconf 85' lang='lat' dir='ltr'><strong>hebet,</strong></span> 
     </span>
     <span class='ocr_line' id='line_1_4' title="bbox 122 393 1156 468; baseline -0.003 -16"><span class='ocrx_word' id='word_1_22' title='bbox 122 413 184 468; x_wconf 76' lang='lat' dir='ltr'><strong>qna</strong></span> <span class='ocrx_word' id='word_1_23' title='bbox 197 401 245 452; x_wconf 93' lang='lat' dir='ltr'><strong>ubi</strong></span> <span class='ocrx_word' id='word_1_24' title='bbox 262 398 424 451; x_wconf 90' lang='lat' dir='ltr'><strong>concedatur</strong></span> <span class='ocrx_word' id='word_1_25' title='bbox 436 395 471 452; x_wconf 86' lang='lat' dir='ltr'><strong>cd</strong></span> <span class='ocrx_word' id='word_1_26' title='bbox 490 393 607 461; x_wconf 88' lang='lat' dir='ltr'><strong>primam</strong></span> <span class='ocrx_word' id='word_1_27' title='bbox 621 397 761 452; x_wconf 76' lang='lat' dir='ltr'><strong>dioecesim</strong></span> <span class='ocrx_word' id='word_1_28' title='bbox 774 412 916 465; x_wconf 77' lang='lat' dir='ltr'>regressus</span> <span class='ocrx_word' id='word_1_29' title='bbox 941 399 1082 462; x_wconf 83' lang='lat' dir='ltr'><strong>ordinarie</strong></span> <span class='ocrx_word' id='word_1_30' title='bbox 1100 412 1156 450; x_wconf 90' lang='lat' dir='ltr'><strong>uon</strong></span> 
     </span>
     <span class='ocr_line' id='line_1_5' title="bbox 123 469 1156 544; baseline -0.006 -17"><span class='ocrx_word' id='word_1_31' title='bbox 123 474 295 544; x_wconf 81' lang='lat' dir='ltr'><strong>permittitur,</strong></span> <span class='ocrx_word' id='word_1_32' title='bbox 309 472 363 524; x_wconf 89' lang='lat' dir='ltr'><strong>nisi</strong></span> <span class='ocrx_word' id='word_1_33' title='bbox 376 471 503 540; x_wconf 77' lang='lat' dir='ltr'><strong>Episcopi</strong></span> <span class='ocrx_word' id='word_1_34' title='bbox 525 470 671 523; x_wconf 76' lang='lat' dir='ltr'><strong>dioecesani</strong></span> <span class='ocrx_word' id='word_1_35' title='bbox 685 483 833 523; x_wconf 88' lang='lat' dir='ltr'><strong>consensus</strong></span> <span class='ocrx_word' id='word_1_36' title='bbox 847 469 971 522; x_wconf 86' lang='lat' dir='ltr'><strong>accedat.</strong></span> <span class='ocrx_word' id='word_1_37' title='bbox 990 469 1019 521; x_wconf 87' lang='lat' dir='ltr'><strong>S.</strong></span> <span class='ocrx_word' id='word_1_38' title='bbox 1034 470 1156 536; x_wconf 81' lang='lat' dir='ltr'><strong>Congre-</strong></span> 
     </span>
     <span class='ocr_line' id='line_1_6' title="bbox 123 541 1156 614; baseline -0.005 -17"><span class='ocrx_word' id='word_1_39' title='bbox 123 547 195 614; x_wconf 77' lang='lat' dir='ltr'><strong>gatio</strong></span> <span class='ocrx_word' id='word_1_40' title='bbox 205 546 285 597; x_wconf 84' lang='lat' dir='ltr'><strong>Gouc.</strong></span> <span class='ocrx_word' id='word_1_41' title='bbox 303 545 341 596; x_wconf 79' lang='lat' dir='ltr'><strong>ll.</strong></span> <span class='ocrx_word' id='word_1_42' title='bbox 352 545 406 610; x_wconf 84' lang='lat' dir='ltr'><strong>jul.</strong></span> <span class='ocrx_word' id='word_1_43' title='bbox 426 543 486 596; x_wconf 78' lang='lat'>1848</span> <span class='ocrx_word' id='word_1_44' title='bbox 501 543 579 596; x_wconf 89' lang='lat' dir='ltr'><strong>relat.</strong></span> <span class='ocrx_word' id='word_1_45' title='bbox 591 543 626 594; x_wconf 91' lang='lat' dir='ltr'><strong>ab</strong></span> <span class='ocrx_word' id='word_1_46' title='bbox 641 547 712 594; x_wconf 88' lang='lat' dir='ltr'><strong>auct.</strong></span> <span class='ocrx_word' id='word_1_47' title='bbox 724 555 843 607; x_wconf 89' lang='lat' dir='ltr'><strong>corresp.</strong></span> <span class='ocrx_word' id='word_1_48' title='bbox 858 541 892 593; x_wconf 91' lang='lat' dir='ltr'><strong>de</strong></span> <span class='ocrx_word' id='word_1_49' title='bbox 905 542 982 606; x_wconf 81' lang='lat' dir='ltr'><strong>lionr.</strong></span> <span class='ocrx_word' id='word_1_50' title='bbox 995 543 1058 608; x_wconf 64' lang='lat' dir='ltr'><strong>pap.</strong></span> <span class='ocrx_word' id='word_1_51' title='bbox 1072 543 1101 606; x_wconf 85' lang='lat'><strong>3,</strong></span> <span class='ocrx_word' id='word_1_52' title='bbox 1111 555 1156 592; x_wconf 92' lang='lat' dir='ltr'><strong>an.</strong></span> 
     </span>
     <span class='ocr_line' id='line_1_7' title="bbox 126 608 1157 682; baseline -0.005 -13"><span class='ocrx_word' id='word_1_53' title='bbox 126 618 195 670; x_wconf 81' lang='lat' dir='ltr'><strong>tato.</strong></span> <span class='ocrx_word' id='word_1_54' title='bbox 212 617 317 668; x_wconf 88' lang='lat' dir='ltr'><strong>Slvere</strong></span> <span class='ocrx_word' id='word_1_55' title='bbox 332 617 394 682; x_wconf 87' lang='lat' dir='ltr'><strong>quis</strong></span> <span class='ocrx_word' id='word_1_56' title='bbox 407 619 468 682; x_wconf 91' lang='lat' dir='ltr'><strong>post</strong></span> <span class='ocrx_word' id='word_1_57' title='bbox 484 608 681 667; x_wconf 81' lang='lat' dir='ltr'><strong>ordinationem</strong></span> <span class='ocrx_word' id='word_1_58' title='bbox 695 618 833 680; x_wconf 87' lang='lat' dir='ltr'><strong>receptam</strong></span> <span class='ocrx_word' id='word_1_59' title='bbox 850 613 885 664; x_wconf 91' lang='lat' dir='ltr'><strong>ab</strong></span> <span class='ocrx_word' id='word_1_60' title='bbox 900 613 988 665; x_wconf 88' lang='lat' dir='ltr'><strong>alieno</strong></span> <span class='ocrx_word' id='word_1_61' title='bbox 1009 614 1157 680; x_wconf 86' lang='lat' dir='ltr'><strong>Episcopo,</strong></span> 
     </span>
     <span class='ocr_line' id='line_1_8' title="bbox 124 685 1160 752; baseline -0.006 -10"><span class='ocrx_word' id='word_1_62' title='bbox 124 688 248 742; x_wconf 83' lang='lat' dir='ltr'><strong>ordinem</strong></span> <span class='ocrx_word' id='word_1_63' title='bbox 259 689 391 744; x_wconf 83' lang='lat' dir='ltr'><strong>exerceat.</strong></span> <span class='ocrx_word' id='word_1_64' title='bbox 405 687 435 738; x_wconf 88' lang='lat' dir='ltr'><strong>tlt</strong></span> <span class='ocrx_word' id='word_1_65' title='bbox 456 687 614 752; x_wconf 73' lang='lat' dir='ltr'><strong>irregularis</strong></span> <span class='ocrx_word' id='word_1_66' title='bbox 630 689 657 738; x_wconf 92' lang='lat' dir='ltr'><strong>et</strong></span> <span class='ocrx_word' id='word_1_67' title='bbox 668 699 723 736; x_wconf 91' lang='lat' dir='ltr'><strong>non</strong></span> <span class='ocrx_word' id='word_1_68' title='bbox 740 691 830 751; x_wconf 87' lang='lat' dir='ltr'><strong>potest</strong></span> <span class='ocrx_word' id='word_1_69' title='bbox 843 685 878 736; x_wconf 88' lang='lat' dir='ltr'><strong>ab</strong></span> <span class='ocrx_word' id='word_1_70' title='bbox 895 685 1099 750; x_wconf 73' lang='lat' dir='ltr'><strong>irregularitate</strong></span> <span class='ocrx_word' id='word_1_71' title='bbox 1113 686 1160 736; x_wconf 87' lang='lat' dir='ltr'><strong>ab·</strong></span> 
     </span>
     <span class='ocr_line' id='line_1_9' title="bbox 125 756 1159 825; baseline -0.006 -13"><span class='ocrx_word' id='word_1_72' title='bbox 125 759 194 812; x_wconf 88' lang='lat' dir='ltr'><strong>solvi</strong></span> <span class='ocrx_word' id='word_1_73' title='bbox 206 759 260 811; x_wconf 88' lang='lat' dir='ltr'><strong>nisi</strong></span> <span class='ocrx_word' id='word_1_74' title='bbox 273 772 289 809; x_wconf 93' lang='lat' dir='ltr'><strong>a</strong></span> <span class='ocrx_word' id='word_1_75' title='bbox 304 758 332 810; x_wconf 91' lang='lat' dir='ltr'><strong>S.</strong></span> <span class='ocrx_word' id='word_1_76' title='bbox 348 757 427 820; x_wconf 83' lang='lat' dir='ltr'><strong>Sede,</strong></span> <span class='ocrx_word' id='word_1_77' title='bbox 442 772 504 825; x_wconf 75' lang='lat' dir='ltr'><strong>quae</strong></span> <span class='ocrx_word' id='word_1_78' title='bbox 516 759 545 810; x_wconf 92' lang='lat' dir='ltr'><strong>in</strong></span> <span class='ocrx_word' id='word_1_79' title='bbox 558 759 609 809; x_wconf 92' lang='lat' dir='ltr'><strong>hoc</strong></span> <span class='ocrx_word' id='word_1_80' title='bbox 621 758 737 823; x_wconf 82' lang='lat' dir='ltr'><strong>rigorem</strong></span> <span class='ocrx_word' id='word_1_81' title='bbox 751 756 872 819; x_wconf 87' lang='lat' dir='ltr'><strong>adhibet,</strong></span> <span class='ocrx_word' id='word_1_82' title='bbox 886 759 917 807; x_wconf 91' lang='lat' dir='ltr'><strong>ut</strong></span> <span class='ocrx_word' id='word_1_83' title='bbox 930 759 1035 808; x_wconf 88' lang='lat' dir='ltr'><strong>constat</strong></span> <span class='ocrx_word' id='word_1_84' title='bbox 1048 770 1086 808; x_wconf 86' lang='lat' dir='ltr'><strong>ex</strong></span> <span class='ocrx_word' id='word_1_85' title='bbox 1100 756 1159 822; x_wconf 89' lang='lat' dir='ltr'><strong>plu·</strong></span> 
     </span>
     <span class='ocr_line' id='line_1_10' title="bbox 126 827 1158 895; baseline -0.006 -12"><span class='ocrx_word' id='word_1_86' title='bbox 126 831 203 883; x_wconf 86' lang='lat' dir='ltr'><strong>ribus</strong></span> <span class='ocrx_word' id='word_1_87' title='bbox 217 832 244 884; x_wconf 87' lang='lat' dir='ltr'><strong>S.</strong></span> <span class='ocrx_word' id='word_1_88' title='bbox 254 830 475 895; x_wconf 79' lang='lat' dir='ltr'><strong>congregationis</strong></span> <span class='ocrx_word' id='word_1_89' title='bbox 486 827 668 882; x_wconf 87' lang='lat' dir='ltr'><strong>decisionibus</strong></span> <span class='ocrx_word' id='word_1_90' title='bbox 681 828 771 880; x_wconf 89' lang='lat' dir='ltr'><strong>citatis</strong></span> <span class='ocrx_word' id='word_1_91' title='bbox 780 828 815 881; x_wconf 90' lang='lat' dir='ltr'><strong>eb</strong></span> <span class='ocrx_word' id='word_1_92' title='bbox 830 833 939 881; x_wconf 88' lang='lat' dir='ltr'><strong>auctore</strong></span> <span class='ocrx_word' id='word_1_93' title='bbox 951 829 1076 882; x_wconf 83' lang='lat' dir='ltr'><strong>Analect.</strong></span> <span class='ocrx_word' id='word_1_94' title='bbox 1097 827 1158 880; x_wconf 79' lang='lat' dir='ltr'><strong>Jur.</strong></span> 
     </span>
     <span class='ocr_line' id='line_1_11' title="bbox 126 899 571 967; baseline -0.009 -11"><span class='ocrx_word' id='word_1_95' title='bbox 126 899 571 967; x_wconf 54' lang='lat' dir='ltr'><strong>mmmmffimmm</strong></span> 
     </span>
    </p>
   </div>
   <div class='ocr_carea' id='block_1_3' title="bbox 127 1077 1230 2675">
    <p class='ocr_par' dir='ltr' id='par_1_3' title="bbox 127 1077 1230 2675">
     <span class='ocr_line' id='line_1_12' title="bbox 162 1077 1226 1166; baseline 0 -26"><span class='ocrx_word' id='word_1_96' title='bbox 162 1084 207 1141; x_wconf 79' lang='lat'><strong>93.</strong></span> <span class='ocrx_word' id='word_1_97' title='bbox 222 1079 419 1142; x_wconf 85' lang='lat' dir='ltr'><strong>Promovendi</strong></span> <span class='ocrx_word' id='word_1_98' title='bbox 442 1079 540 1140; x_wconf 85' lang='lat' dir='ltr'><strong>torma</strong></span> <span class='ocrx_word' id='word_1_99' title='bbox 553 1080 601 1140; x_wconf 87' lang='lat' dir='ltr'><strong>vel</strong></span> <span class='ocrx_word' id='word_1_100' title='bbox 614 1077 700 1155; x_wconf 89' lang='lat' dir='ltr'><strong>ritus,</strong></span> <span class='ocrx_word' id='word_1_101' title='bbox 723 1079 780 1140; x_wconf 89' lang='lat' dir='ltr'><strong>tria</strong></span> <span class='ocrx_word' id='word_1_102' title='bbox 796 1079 1033 1158; x_wconf 90' lang='lat' dir='ltr'><strong>comprehendit,</strong></span> <span class='ocrx_word' id='word_1_103' title='bbox 1048 1094 1160 1156; x_wconf 86' lang='lat' dir='ltr'><strong>nempe</strong></span> <span class='ocrx_word' id='word_1_104' title='bbox 1225 1101 1226 1166; x_wconf 70' lang='lat' dir='ltr'><strong>t</strong></span> 
     </span>
     <span class='ocr_line' id='line_1_13' title="bbox 127 1168 1160 1243; baseline 0 -13"><span class='ocrx_word' id='word_1_105' title='bbox 127 1169 310 1243; x_wconf 87' lang='lat' dir='ltr'><strong>scrutinium,</strong></span> <span class='ocrx_word' id='word_1_106' title='bbox 325 1169 454 1242; x_wconf 80' lang='lat' dir='ltr'><strong>titulun,</strong></span> <span class='ocrx_word' id='word_1_107' title='bbox 472 1175 503 1228; x_wconf 91' lang='lat' dir='ltr'><strong>et</strong></span> <span class='ocrx_word' id='word_1_108' title='bbox 521 1169 646 1229; x_wconf 91' lang='lat' dir='ltr'><strong>modum</strong></span> <span class='ocrx_word' id='word_1_109' title='bbox 659 1169 864 1232; x_wconf 75' lang='lat' dir='ltr'><strong>ordinationis</strong></span> <span class='ocrx_word' id='word_1_110' title='bbox 881 1169 1062 1230; x_wconf 88' lang='lat' dir='ltr'><strong>scrutinium</strong></span> <span class='ocrx_word' id='word_1_111' title='bbox 1074 1168 1160 1230; x_wconf 89' lang='lat' dir='ltr'><strong>ordi·</strong></span> 
     </span>
     <span class='ocr_line' id='line_1_14' title="bbox 127 1257 1227 1335; baseline 0 -17"><span class='ocrx_word' id='word_1_112' title='bbox 127 1258 240 1319; x_wconf 88' lang='lat' dir='ltr'><strong>nationi</strong></span> <span class='ocrx_word' id='word_1_113' title='bbox 250 1257 492 1335; x_wconf 87' lang='lat' dir='ltr'><strong>praemittendum</strong></span> <span class='ocrx_word' id='word_1_114' title='bbox 504 1263 551 1318; x_wconf 88' lang='lat' dir='ltr'><strong>est</strong></span> <span class='ocrx_word' id='word_1_115' title='bbox 559 1259 678 1334; x_wconf 85' lang='lat' dir='ltr'><strong>triplex.</strong></span> <span class='ocrx_word' id='word_1_116' title='bbox 701 1259 833 1320; x_wconf 90' lang='lat' dir='ltr'><strong>Primum</strong></span> <span class='ocrx_word' id='word_1_117' title='bbox 843 1260 878 1319; x_wconf 89' lang='lat' dir='ltr'><strong>tit</strong></span> <span class='ocrx_word' id='word_1_118' title='bbox 891 1275 995 1320; x_wconf 89' lang='lat' dir='ltr'><strong>coram</strong></span> <span class='ocrx_word' id='word_1_119' title='bbox 1009 1259 1158 1335; x_wconf 83' lang='lat' dir='ltr'><strong>parocho,</strong></span> <span class='ocrx_word' id='word_1_120' title='bbox 1226 1275 1227 1280; x_wconf 50' lang='lat'>¹</span> 
     </span>
     <span class='ocr_line' id='line_1_15' title="bbox 128 1330 1228 1425; baseline 0.001 -19"><span class='ocrx_word' id='word_1_121' title='bbox 128 1348 176 1408; x_wconf 86' lang='lat' dir='ltr'><strong>vel</strong></span> <span class='ocrx_word' id='word_1_122' title='bbox 190 1348 248 1408; x_wconf 89' lang='lat' dir='ltr'><strong>alio</strong></span> <span class='ocrx_word' id='word_1_123' title='bbox 268 1348 307 1407; x_wconf 91' lang='lat' dir='ltr'><strong>ab</strong></span> <span class='ocrx_word' id='word_1_124' title='bbox 324 1346 467 1424; x_wconf 92' lang='lat' dir='ltr'><strong>episcopo</strong></span> <span class='ocrx_word' id='word_1_125' title='bbox 481 1347 623 1423; x_wconf 88' lang='lat' dir='ltr'><strong>deputato</strong></span> <span class='ocrx_word' id='word_1_126' title='bbox 640 1347 679 1408; x_wconf 87' lang='lat' dir='ltr'><strong>ed</strong></span> <span class='ocrx_word' id='word_1_127' title='bbox 702 1349 830 1408; x_wconf 84' lang='lat' dir='ltr'><strong>formem</strong></span> <span class='ocrx_word' id='word_1_128' title='bbox 843 1349 1050 1425; x_wconf 76' lang='lat' dir='ltr'><strong>praescriptam</strong></span> <span class='ocrx_word' id='word_1_129' title='bbox 1064 1364 1084 1406; x_wconf 90' lang='lat' dir='ltr'><strong>a</strong></span> <span class='ocrx_word' id='word_1_130' title='bbox 1098 1346 1161 1407; x_wconf 84' lang='lat' dir='ltr'><strong>Tri-</strong></span> <span class='ocrx_word' id='word_1_131' title='bbox 1227 1330 1228 1376; x_wconf 34' lang='grc' dir='ltr'>ἕ</span> 
     </span>
     <span class='ocr_line' id='line_1_16' title="bbox 129 1434 1206 1514; baseline -0.002 -17"><span class='ocrx_word' id='word_1_132' title='bbox 129 1438 251 1498; x_wconf 91' lang='lat' dir='ltr'><strong>dentino</strong></span> <span class='ocrx_word' id='word_1_133' title='bbox 278 1440 331 1512; x_wconf 90' lang='lat' dir='ltr'><strong>(l),</strong></span> <span class='ocrx_word' id='word_1_134' title='bbox 357 1453 417 1513; x_wconf 90' lang='lat' dir='ltr'><strong>quo</strong></span> <span class='ocrx_word' id='word_1_135' title='bbox 441 1436 555 1496; x_wconf 89' lang='lat' dir='ltr'><strong>bonum</strong></span> <span class='ocrx_word' id='word_1_136' title='bbox 581 1437 784 1498; x_wconf 89' lang='lat' dir='ltr'><strong>testimoninm</strong></span> <span class='ocrx_word' id='word_1_137' title='bbox 809 1436 943 1514; x_wconf 88' lang='lat' dir='ltr'><strong>parochi,</strong></span> <span class='ocrx_word' id='word_1_138' title='bbox 968 1441 999 1497; x_wconf 91' lang='lat' dir='ltr'><strong>et</strong></span> <span class='ocrx_word' id='word_1_139' title='bbox 1025 1434 1163 1512; x_wconf 82' lang='lat' dir='ltr'><strong>magistri</strong></span> <span class='ocrx_word' id='word_1_140' title='bbox 1203 1443 1229 1458; x_wconf 88' lang='grc'><em>·</em></span> 
     </span>
     <span class='ocr_line' id='line_1_17' title="bbox 130 1525 1230 1603; baseline -0.002 -17"><span class='ocrx_word' id='word_1_141' title='bbox 130 1526 319 1603; x_wconf 83' lang='lat' dir='ltr'><strong>expenditur,</strong></span> <span class='ocrx_word' id='word_1_142' title='bbox 350 1525 375 1585; x_wconf 91' lang='lat' dir='ltr'><strong>si</strong></span> <span class='ocrx_word' id='word_1_143' title='bbox 394 1525 432 1586; x_wconf 91' lang='lat' dir='ltr'><strong>de</strong></span> <span class='ocrx_word' id='word_1_144' title='bbox 455 1525 623 1588; x_wconf 90' lang='lat' dir='ltr'><strong>minoribus</strong></span> <span class='ocrx_word' id='word_1_145' title='bbox 650 1525 804 1587; x_wconf 87' lang='lat' dir='ltr'><strong>ordinibus</strong></span> <span class='ocrx_word' id='word_1_146' title='bbox 830 1533 949 1602; x_wconf 81' lang='lat' dir='ltr'><strong>agatnr;</strong></span> <span class='ocrx_word' id='word_1_147' title='bbox 979 1525 1006 1585; x_wconf 89' lang='lat' dir='ltr'><strong>si</strong></span> <span class='ocrx_word' id='word_1_148' title='bbox 1025 1542 1099 1586; x_wconf 90' lang='lat' dir='ltr'><strong>vero</strong></span> <span class='ocrx_word' id='word_1_149' title='bbox 1123 1525 1162 1584; x_wconf 90' lang='lat' dir='ltr'><strong>de</strong></span> <span class='ocrx_word' id='word_1_150' title='bbox 1229 1561 1230 1574; x_wconf 57' lang='lat'><strong>,</strong></span> 
     </span>
     <span class='ocr_line' id='line_1_18' title="bbox 129 1614 1163 1693; baseline 0 -16"><span class='ocrx_word' id='word_1_151' title='bbox 129 1617 304 1693; x_wconf 86' lang='lat' dir='ltr'><strong>majoribus,</strong></span> <span class='ocrx_word' id='word_1_152' title='bbox 333 1615 494 1693; x_wconf 88' lang='lat' dir='ltr'><strong>publicatio</strong></span> <span class='ocrx_word' id='word_1_153' title='bbox 521 1614 660 1690; x_wconf 88' lang='lat' dir='ltr'><strong>nominis,</strong></span> <span class='ocrx_word' id='word_1_154' title='bbox 686 1622 717 1676; x_wconf 89' lang='lat' dir='ltr'><strong>et</strong></span> <span class='ocrx_word' id='word_1_155' title='bbox 740 1615 880 1676; x_wconf 90' lang='lat' dir='ltr'><strong>desiderii</strong></span> <span class='ocrx_word' id='word_1_156' title='bbox 906 1616 1105 1693; x_wconf 88' lang='lat' dir='ltr'><strong>promovendi</strong></span> <span class='ocrx_word' id='word_1_157' title='bbox 1132 1617 1163 1678; x_wconf 88' lang='lat' dir='ltr'><strong>in</strong></span> 
     </span>
     <span class='ocr_line' id='line_1_19' title="bbox 131 1703 1164 1782; baseline 0.002 -17"><span class='ocrx_word' id='word_1_158' title='bbox 131 1706 263 1766; x_wconf 78' lang='lat' dir='ltr'><strong>Ecclesia</strong></span> <span class='ocrx_word' id='word_1_159' title='bbox 283 1705 416 1766; x_wconf 89' lang='lat' dir='ltr'><strong>lacienda</strong></span> <span class='ocrx_word' id='word_1_160' title='bbox 437 1703 635 1781; x_wconf 70' lang='lat' dir='ltr'><strong>preponitur,</strong></span> <span class='ocrx_word' id='word_1_161' title='bbox 651 1703 692 1764; x_wconf 91' lang='lat' dir='ltr'><strong>ita</strong></span> <span class='ocrx_word' id='word_1_162' title='bbox 703 1711 737 1765; x_wconf 89' lang='lat' dir='ltr'><strong>ut</strong></span> <span class='ocrx_word' id='word_1_163' title='bbox 758 1721 812 1781; x_wconf 87' lang='lat' dir='ltr'><strong>per</strong></span> <span class='ocrx_word' id='word_1_164' title='bbox 827 1704 927 1781; x_wconf 89' lang='lat' dir='ltr'><strong>ipsum</strong></span> <span class='ocrx_word' id='word_1_165' title='bbox 940 1706 1109 1782; x_wconf 86' lang='lat' dir='ltr'><strong>parocbum</strong></span> <span class='ocrx_word' id='word_1_166' title='bbox 1125 1707 1164 1767; x_wconf 92' lang='lat' dir='ltr'><strong>de</strong></span> 
     </span>
     <span class='ocr_line' id='line_1_20' title="bbox 131 1791 1163 1876; baseline 0.003 -24"><span class='ocrx_word' id='word_1_167' title='bbox 131 1793 225 1870; x_wconf 88' lang='lat' dir='ltr'><strong>ipsius</strong></span> <span class='ocrx_word' id='word_1_168' title='bbox 238 1792 435 1870; x_wconf 80' lang='lat' dir='ltr'><strong>promovendi</strong></span> <span class='ocrx_word' id='word_1_169' title='bbox 450 1791 607 1868; x_wconf 89' lang='lat' dir='ltr'><strong>natalibus,</strong></span> <span class='ocrx_word' id='word_1_170' title='bbox 627 1799 725 1868; x_wconf 82' lang='lat' dir='ltr'><strong>aetate,</strong></span> <span class='ocrx_word' id='word_1_171' title='bbox 740 1793 886 1868; x_wconf 86' lang='lat' dir='ltr'><strong>moribus,</strong></span> <span class='ocrx_word' id='word_1_172' title='bbox 902 1801 932 1854; x_wconf 89' lang='lat' dir='ltr'><strong>et</strong></span> <span class='ocrx_word' id='word_1_173' title='bbox 949 1794 1010 1876; x_wconf 85' lang='lat' dir='ltr'><strong>vita</strong></span> <span class='ocrx_word' id='word_1_174' title='bbox 1027 1793 1163 1856; x_wconf 87' lang='lat' dir='ltr'><strong>testimo·</strong></span> 
     </span>
     <span class='ocr_line' id='line_1_21' title="bbox 132 1874 1165 1960; baseline 0.002 -17"><span class='ocrx_word' id='word_1_175' title='bbox 132 1883 226 1944; x_wconf 85' lang='lat' dir='ltr'><strong>nieles</strong></span> <span class='ocrx_word' id='word_1_176' title='bbox 251 1883 355 1943; x_wconf 76' lang='lat' dir='ltr'><strong>litterae</strong></span> <span class='ocrx_word' id='word_1_177' title='bbox 380 1881 585 1942; x_wconf 88' lang='lat' dir='ltr'><strong>conficiantur.</strong></span> <span class='ocrx_word' id='word_1_178' title='bbox 609 1883 779 1944; x_wconf 89' lang='lat' dir='ltr'><strong>Secundum</strong></span> <span class='ocrx_word' id='word_1_179' title='bbox 795 1884 828 1943; x_wconf 88' lang='lat' dir='ltr'><strong>tlt</strong></span> <span class='ocrx_word' id='word_1_180' title='bbox 845 1899 950 1944; x_wconf 90' lang='lat' dir='ltr'><strong>coram</strong></span> <span class='ocrx_word' id='word_1_181' title='bbox 972 1874 1119 1960; x_wconf 81' lang='lat' dir='ltr'><strong>Episcopo</strong></span> <span class='ocrx_word' id='word_1_182' title='bbox 1134 1890 1165 1945; x_wconf 90' lang='lat' dir='ltr'><strong>et</strong></span> 
     </span>
     <span class='ocr_line' id='line_1_22' title="bbox 133 1970 1163 2050; baseline 0.005 -20"><span class='ocrx_word' id='word_1_183' title='bbox 133 1970 205 2031; x_wconf 88' lang='lat' dir='ltr'><strong>viris</strong></span> <span class='ocrx_word' id='word_1_184' title='bbox 219 1971 333 2047; x_wconf 88' lang='lat' dir='ltr'><strong>peritis,</strong></span> <span class='ocrx_word' id='word_1_185' title='bbox 344 1971 407 2032; x_wconf 89' lang='lat' dir='ltr'><strong>sive</strong></span> <span class='ocrx_word' id='word_1_186' title='bbox 419 1970 683 2046; x_wconf 79' lang='lat' dir='ltr'><strong>examinatoribus,</strong></span> <span class='ocrx_word' id='word_1_187' title='bbox 692 1971 722 2032; x_wconf 94' lang='lat' dir='ltr'><strong>in</strong></span> <span class='ocrx_word' id='word_1_188' title='bbox 735 1989 795 2049; x_wconf 84' lang='lat' dir='ltr'><strong>quo</strong></span> <span class='ocrx_word' id='word_1_189' title='bbox 806 1971 981 2049; x_wconf 79' lang='lat' dir='ltr'><strong>disquiritur</strong></span> <span class='ocrx_word' id='word_1_190' title='bbox 994 1973 1033 2034; x_wconf 92' lang='lat' dir='ltr'><strong>dc</strong></span> <span class='ocrx_word' id='word_1_191' title='bbox 1041 1989 1163 2050; x_wconf 89' lang='lat' dir='ltr'><strong>promo·</strong></span> 
     </span>
     <span class='ocr_line' id='line_1_23' title="bbox 134 2059 1164 2138; baseline 0.004 -18"><span class='ocrx_word' id='word_1_192' title='bbox 134 2060 224 2120; x_wconf 87' lang='lat' dir='ltr'><strong>vendi</strong></span> <span class='ocrx_word' id='word_1_193' title='bbox 237 2077 358 2136; x_wconf 84' lang='lat' dir='ltr'><strong>genere,</strong></span> <span class='ocrx_word' id='word_1_194' title='bbox 373 2059 479 2138; x_wconf 89' lang='lat' dir='ltr'><strong>patria,</strong></span> <span class='ocrx_word' id='word_1_195' title='bbox 493 2068 592 2136; x_wconf 88' lang='lat' dir='ltr'><strong>aetate,</strong></span> <span class='ocrx_word' id='word_1_196' title='bbox 603 2061 754 2138; x_wconf 87' lang='lat' dir='ltr'><strong>qualitate,</strong></span> <span class='ocrx_word' id='word_1_197' title='bbox 767 2061 914 2135; x_wconf 90' lang='lat' dir='ltr'><strong>doctrina,</strong></span> <span class='ocrx_word' id='word_1_198' title='bbox 928 2067 959 2122; x_wconf 90' lang='lat' dir='ltr'><strong>et</strong></span> <span class='ocrx_word' id='word_1_199' title='bbox 969 2062 1120 2138; x_wconf 76' lang='lat' dir='ltr'><strong>moribus3</strong></span> <span class='ocrx_word' id='word_1_200' title='bbox 1134 2069 1164 2124; x_wconf 93' lang='lat' dir='ltr'><strong>et</strong></span> 
     </span>
     <span class='ocr_line' id='line_1_24' title="bbox 135 2148 1161 2226; baseline 0.003 -16"><span class='ocrx_word' id='word_1_201' title='bbox 135 2148 160 2210; x_wconf 89' lang='lat' dir='ltr'><strong>si</strong></span> <span class='ocrx_word' id='word_1_202' title='bbox 181 2150 307 2210; x_wconf 90' lang='lat' dir='ltr'><strong>idoneus</strong></span> <span class='ocrx_word' id='word_1_203' title='bbox 328 2148 505 2225; x_wconf 89' lang='lat' dir='ltr'><strong>reperiatur,</strong></span> <span class='ocrx_word' id='word_1_204' title='bbox 524 2149 563 2209; x_wconf 88' lang='lat' dir='ltr'><strong>ad</strong></span> <span class='ocrx_word' id='word_1_205' title='bbox 576 2150 712 2210; x_wconf 89' lang='lat' dir='ltr'><strong>ordinem</strong></span> <span class='ocrx_word' id='word_1_206' title='bbox 726 2151 972 2226; x_wconf 88' lang='lat' dir='ltr'><strong>consequendum</strong></span> <span class='ocrx_word' id='word_1_207' title='bbox 988 2151 1161 2213; x_wconf 79' lang='lat' dir='ltr'><strong>admittitur.</strong></span> 
     </span>
     <span class='ocr_line' id='line_1_25' title="bbox 135 2237 1163 2315; baseline 0.003 -17"><span class='ocrx_word' id='word_1_208' title='bbox 135 2239 265 2299; x_wconf 85' lang='lat' dir='ltr'><strong>Tertium</strong></span> <span class='ocrx_word' id='word_1_209' title='bbox 282 2239 402 2299; x_wconf 89' lang='lat' dir='ltr'><strong>demum</strong></span> <span class='ocrx_word' id='word_1_210' title='bbox 414 2237 447 2298; x_wconf 89' lang='lat' dir='ltr'><strong>tit</strong></span> <span class='ocrx_word' id='word_1_211' title='bbox 462 2237 571 2314; x_wconf 88' lang='lat' dir='ltr'><strong>inipso</strong></span> <span class='ocrx_word' id='word_1_212' title='bbox 587 2237 782 2300; x_wconf 88' lang='lat' dir='ltr'><strong>ordinationis</strong></span> <span class='ocrx_word' id='word_1_213' title='bbox 797 2245 877 2313; x_wconf 87' lang='lat' dir='ltr'><strong>actu,</strong></span> <span class='ocrx_word' id='word_1_214' title='bbox 891 2239 922 2299; x_wconf 91' lang='lat' dir='ltr'><strong>in</strong></span> <span class='ocrx_word' id='word_1_215' title='bbox 937 2255 997 2315; x_wconf 89' lang='lat' dir='ltr'><strong>quo</strong></span> <span class='ocrx_word' id='word_1_216' title='bbox 1011 2239 1163 2301; x_wconf 68' lang='lat' dir='ltr'><strong>archidia-</strong></span> 
     </span>
     <span class='ocr_line' id='line_1_26' title="bbox 136 2326 1164 2404; baseline 0.001 -15"><span class='ocrx_word' id='word_1_217' title='bbox 136 2345 231 2389; x_wconf 89' lang='lat' dir='ltr'><strong>conus</strong></span> <span class='ocrx_word' id='word_1_218' title='bbox 245 2328 283 2388; x_wconf 89' lang='lat' dir='ltr'><strong>ab</strong></span> <span class='ocrx_word' id='word_1_219' title='bbox 297 2328 444 2404; x_wconf 89' lang='lat' dir='ltr'><strong>Episcopo</strong></span> <span class='ocrx_word' id='word_1_220' title='bbox 457 2326 669 2404; x_wconf 82' lang='lat' dir='ltr'><strong>interrogetur,</strong></span> <span class='ocrx_word' id='word_1_221' title='bbox 684 2345 723 2388; x_wconf 89' lang='lat' dir='ltr'><strong>an</strong></span> <span class='ocrx_word' id='word_1_222' title='bbox 737 2328 821 2401; x_wconf 86' lang='lat' dir='ltr'><strong>sciat,</strong></span> <span class='ocrx_word' id='word_1_223' title='bbox 836 2327 1035 2388; x_wconf 89' lang='lat' dir='ltr'><strong>ordinandum</strong></span> <span class='ocrx_word' id='word_1_224' title='bbox 1048 2329 1079 2389; x_wconf 90' lang='lat' dir='ltr'><strong>in</strong></span> <span class='ocrx_word' id='word_1_225' title='bbox 1092 2330 1164 2390; x_wconf 91' lang='lat' dir='ltr'><strong>sub-</strong></span> 
     </span>
     <span class='ocr_line' id='line_1_27' title="bbox 137 2417 1162 2495; baseline 0.003 -17"><span class='ocrx_word' id='word_1_226' title='bbox 137 2418 306 2491; x_wconf 88' lang='lat' dir='ltr'><strong>diaconum,</strong></span> <span class='ocrx_word' id='word_1_227' title='bbox 320 2417 489 2490; x_wconf 91' lang='lat' dir='ltr'><strong>diaconum,</strong></span> <span class='ocrx_word' id='word_1_228' title='bbox 498 2418 546 2477; x_wconf 91' lang='lat' dir='ltr'><strong>vel</strong></span> <span class='ocrx_word' id='word_1_229' title='bbox 554 2417 764 2494; x_wconf 90' lang='lat' dir='ltr'><strong>presbyterum</strong></span> <span class='ocrx_word' id='word_1_230' title='bbox 774 2417 825 2478; x_wconf 86' lang='lat' dir='ltr'><strong>tali</strong></span> <span class='ocrx_word' id='word_1_231' title='bbox 836 2417 941 2478; x_wconf 88' lang='lat' dir='ltr'><strong>ordine</strong></span> <span class='ocrx_word' id='word_1_232' title='bbox 950 2435 1016 2478; x_wconf 88' lang='lat' dir='ltr'><strong>esse</strong></span> <span class='ocrx_word' id='word_1_233' title='bbox 1025 2417 1162 2495; x_wconf 79' lang='lat' dir='ltr'><strong>dignum3</strong></span> 
     </span>
     <span class='ocr_line' id='line_1_28' title="bbox 137 2504 1165 2584; baseline 0.002 -18"><span class='ocrx_word' id='word_1_234' title='bbox 137 2507 187 2566; x_wconf 89' lang='lat' dir='ltr'><strong>cui</strong></span> <span class='ocrx_word' id='word_1_235' title='bbox 199 2506 278 2567; x_wconf 90' lang='lat' dir='ltr'><strong>idern</strong></span> <span class='ocrx_word' id='word_1_236' title='bbox 290 2504 516 2566; x_wconf 87' lang='lat' dir='ltr'><strong>archidiaconus</strong></span> <span class='ocrx_word' id='word_1_237' title='bbox 529 2506 691 2582; x_wconf 88' lang='lat' dir='ltr'><strong>respondet</strong></span> <span class='ocrx_word' id='word_1_238' title='bbox 705 2525 712 2566; x_wconf 93' lang='lat'><strong>:</strong></span> <span class='ocrx_word' id='word_1_239' title='bbox 733 2507 887 2576; x_wconf 82' lang='lat' dir='ltr'><strong>Quantum</strong></span> <span class='ocrx_word' id='word_1_240' title='bbox 900 2507 1034 2567; x_wconf 83' lang='lat' dir='ltr'><strong>homone</strong></span> <span class='ocrx_word' id='word_1_241' title='bbox 1046 2508 1165 2584; x_wconf 74' lang='lat' dir='ltr'><strong>froplle‘-</strong></span> 
     </span>
     <span class='ocr_line' id='line_1_29' title="bbox 140 2595 1164 2675; baseline 0.006 -21"><span class='ocrx_word' id='word_1_242' title='bbox 140 2603 185 2655; x_wconf 84' lang='lat' dir='ltr'><strong>tos</strong></span> <span class='ocrx_word' id='word_1_243' title='bbox 207 2612 291 2656; x_wconf 84' lang='lat' dir='ltr'><strong>nosse</strong></span> <span class='ocrx_word' id='word_1_244' title='bbox 312 2595 394 2666; x_wconf 80' lang='lat' dir='ltr'><strong>sinit,</strong></span> <span class='ocrx_word' id='word_1_245' title='bbox 411 2603 438 2656; x_wconf 84' lang='lat' dir='ltr'><strong>ot</strong></span> <span class='ocrx_word' id='word_1_246' title='bbox 448 2595 517 2665; x_wconf 74' lang='lat' dir='ltr'><strong>solo,</strong></span> <span class='ocrx_word' id='word_1_247' title='bbox 532 2602 558 2656; x_wconf 83' lang='lat' dir='ltr'><strong>et</strong></span> <span class='ocrx_word' id='word_1_248' title='bbox 573 2596 719 2675; x_wconf 71' lang='lat' dir='ltr'><strong>terttficor,</strong></span> <span class='ocrx_word' id='word_1_249' title='bbox 734 2597 834 2674; x_wconf 76' lang='lat' dir='ltr'><strong>ipsum</strong></span> <span class='ocrx_word' id='word_1_250' title='bbox 846 2599 970 2675; x_wconf 49' lang='lat' dir='ltr'><strong>donoro</strong></span> <span class='ocrx_word' id='word_1_251' title='bbox 985 2615 1045 2658; x_wconf 83' lang='lat' dir='ltr'><strong>cese</strong></span> <span class='ocrx_word' id='word_1_252' title='bbox 1055 2599 1095 2660; x_wconf 83' lang='lat' dir='ltr'><strong>od</strong></span> <span class='ocrx_word' id='word_1_253' title='bbox 1108 2600 1164 2660; x_wconf 82' lang='lat' dir='ltr'><strong>tta-</strong></span> 
     </span>
    </p>
   </div>
   <div class='ocr_carea' id='block_1_4' title="bbox 132 2678 1197 2850">
    <p class='ocr_par' dir='ltr' id='par_1_4' title="bbox 132 2678 1197 2850">
     <span class='ocr_line' id='line_1_30' title="bbox 132 2678 1197 2764; baseline 0.005 -20"><span class='ocrx_word' id='word_1_254' title='bbox 132 2685 186 2761; x_wconf 62' lang='lat' dir='ltr'><strong>los</strong></span> <span class='ocrx_word' id='word_1_255' title='bbox 201 2701 276 2746; x_wconf 82' lang='lat' dir='ltr'><strong>onos</strong></span> <span class='ocrx_word' id='word_1_256' title='bbox 286 2685 384 2760; x_wconf 71' lang='lat' dir='ltr'><strong>offleii.</strong></span> <span class='ocrx_word' id='word_1_257' title='bbox 401 2689 468 2744; x_wconf 81' lang='lat' dir='ltr'><strong>llaec</strong></span> <span class='ocrx_word' id='word_1_258' title='bbox 481 2683 649 2745; x_wconf 82' lang='lat' dir='ltr'><strong>testificatio</strong></span> <span class='ocrx_word' id='word_1_259' title='bbox 662 2691 762 2764; x_wconf 88' lang='lat' dir='ltr'><strong>potest</strong></span> <span class='ocrx_word' id='word_1_260' title='bbox 772 2678 1081 2763; x_wconf 78' lang='lat' dir='ltr'><strong>per¹drcbidiaconum</strong></span> <span class='ocrx_word' id='word_1_261' title='bbox 1090 2687 1165 2764; x_wconf 87' lang='lat' dir='ltr'><strong>fieri,</strong></span> <span class='ocrx_word' id='word_1_262' title='bbox 1194 2711 1197 2719; x_wconf 91' lang='lat'>·</span> 
     </span>
     <span class='ocr_line' id='line_1_31' title="bbox 138 2772 813 2850; baseline 0.003 -16"><span class='ocrx_word' id='word_1_263' title='bbox 138 2773 230 2834; x_wconf 93' lang='lat' dir='ltr'><strong>modo</strong></span> <span class='ocrx_word' id='word_1_264' title='bbox 243 2773 281 2834; x_wconf 92' lang='lat' dir='ltr'><strong>de</strong></span> <span class='ocrx_word' id='word_1_265' title='bbox 295 2772 468 2850; x_wconf 84' lang='lat' dir='ltr'><strong>indignitate</strong></span> <span class='ocrx_word' id='word_1_266' title='bbox 482 2772 539 2850; x_wconf 90' lang='lat' dir='ltr'><strong>ipsi</strong></span> <span class='ocrx_word' id='word_1_267' title='bbox 552 2790 613 2833; x_wconf 92' lang='lat' dir='ltr'><strong>non</strong></span> <span class='ocrx_word' id='word_1_268' title='bbox 627 2781 745 2835; x_wconf 90' lang='lat' dir='ltr'><strong>constet</strong></span> <span class='ocrx_word' id='word_1_269' title='bbox 761 2777 813 2849; x_wconf 87' lang='lat' dir='ltr'><strong>(t).</strong></span> 
     </span>
    </p>
   </div>
   <div class='ocr_carea' id='block_1_5' title="bbox 141 2911 1167 3036">
    <p class='ocr_par' dir='ltr' id='par_1_5' title="bbox 141 2911 1167 3036">
     <span class='ocr_line' id='line_1_32' title="bbox 170 2911 1167 3036; baseline 0.007 -72"><span class='ocrx_word' id='word_1_270' title='bbox 170 2913 306 3036; x_wconf 36' lang='lat' dir='ltr'><strong>goiim.</strong></span> <span class='ocrx_word' id='word_1_271' title='bbox 328 2913 401 2965; x_wconf 84' lang='lat' dir='ltr'><strong>Sese.</strong></span> <span class='ocrx_word' id='word_1_272' title='bbox 425 2912 465 2977; x_wconf 76' lang='lat'><strong>23,</strong></span> <span class='ocrx_word' id='word_1_273' title='bbox 491 2926 514 2964; x_wconf 88' lang='lat' dir='ltr'><strong>c.</strong></span> <span class='ocrx_word' id='word_1_274' title='bbox 540 2913 564 2977; x_wconf 86' lang='lat'><strong>5,</strong></span> <span class='ocrx_word' id='word_1_275' title='bbox 579 2911 613 2964; x_wconf 91' lang='lat' dir='ltr'><strong>do</strong></span> <span class='ocrx_word' id='word_1_276' title='bbox 637 2913 687 2966; x_wconf 86' lang='lat' dir='ltr'><strong>ret.</strong></span> <span class='ocrx_word' id='word_1_277' title='bbox 715 2941 746 2952; x_wconf 95' lang='lat'>-</span> <span class='ocrx_word' id='word_1_278' title='bbox 767 2913 804 2981; x_wconf 76' lang='lat' dir='ltr'><strong>(l)</strong></span> <span class='ocrx_word' id='word_1_279' title='bbox 829 2915 895 2982; x_wconf 87' lang='lat' dir='ltr'><strong>Gap.</strong></span> <span class='ocrx_word' id='word_1_280' title='bbox 919 2916 942 2981; x_wconf 92' lang='lat' dir='ltr'><strong>t,</strong></span> <span class='ocrx_word' id='word_1_281' title='bbox 966 2917 1000 2970; x_wconf 91' lang='lat' dir='ltr'><strong>de</strong></span> <span class='ocrx_word' id='word_1_282' title='bbox 1024 2917 1112 2971; x_wconf 85' lang='lat' dir='ltr'><strong>Scrnt.</strong></span> <span class='ocrx_word' id='word_1_283' title='bbox 1140 2919 1167 2970; x_wconf 92' lang='lat' dir='ltr'><strong>in</strong></span> 
     </span>
     <span class='ocr_line' id='line_1_33' title="bbox 141 2997 269 3036; baseline 0 0"><span class='ocrx_word' id='word_1_284' title='bbox 141 2999 172 3036; x_wconf 93' lang='lat' dir='ltr'><strong>or</strong></span> <span class='ocrx_word' id='word_1_285' title='bbox 193 3023 199 3035; x_wconf 90' lang='lat'>.</span> <span class='ocrx_word' id='word_1_286' title='bbox 228 2997 269 3036; x_wconf 87' lang='lat' dir='ltr'><strong>ac.</strong></span> 
     </span>
    </p>
   </div>
   <div class='ocr_carea' id='block_1_6' title="bbox 144 3169 1170 3518">
    <p class='ocr_par' dir='ltr' id='par_1_6' title="bbox 144 3169 1170 3518">
     <span class='ocr_line' id='line_1_34' title="bbox 178 3169 1169 3251; baseline 0.01 -23"><span class='ocrx_word' id='word_1_287' title='bbox 178 3173 223 3230; x_wconf 77' lang='lat' dir='ltr'><strong>si.</strong></span> <span class='ocrx_word' id='word_1_288' title='bbox 239 3169 351 3230; x_wconf 85' lang='lat' dir='ltr'><strong>Titulus</strong></span> <span class='ocrx_word' id='word_1_289' title='bbox 362 3170 565 3246; x_wconf 87' lang='lat' dir='ltr'><strong>ordinationis,</strong></span> <span class='ocrx_word' id='word_1_290' title='bbox 580 3173 626 3234; x_wconf 89' lang='lat' dir='ltr'><strong>vel</strong></span> <span class='ocrx_word' id='word_1_291' title='bbox 639 3174 870 3247; x_wconf 88' lang='lat' dir='ltr'><strong>sustentationis,</strong></span> <span class='ocrx_word' id='word_1_292' title='bbox 889 3181 923 3236; x_wconf 91' lang='lat' dir='ltr'><strong>nt</strong></span> <span class='ocrx_word' id='word_1_293' title='bbox 934 3175 982 3236; x_wconf 87' lang='lat' dir='ltr'><strong>elii</strong></span> <span class='ocrx_word' id='word_1_294' title='bbox 996 3175 1110 3251; x_wconf 88' lang='lat' dir='ltr'><strong>dicunt,</strong></span> <span class='ocrx_word' id='word_1_295' title='bbox 1126 3183 1169 3238; x_wconf 89' lang='lat' dir='ltr'><strong>est</strong></span> 
     </span>
     <span class='ocr_line' id='line_1_35' title="bbox 144 3258 1168 3342; baseline 0.008 -24"><span class='ocrx_word' id='word_1_296' title='bbox 144 3258 242 3318; x_wconf 86' lang='lat' dir='ltr'><strong>cautio</strong></span> <span class='ocrx_word' id='word_1_297' title='bbox 260 3259 328 3319; x_wconf 82' lang='lat' dir='ltr'><strong>vitae</strong></span> <span class='ocrx_word' id='word_1_298' title='bbox 345 3261 484 3335; x_wconf 83' lang='lat' dir='ltr'><strong>gerendae</strong></span> <span class='ocrx_word' id='word_1_299' title='bbox 503 3261 625 3323; x_wconf 85' lang='lat' dir='ltr'><strong>fundata</strong></span> <span class='ocrx_word' id='word_1_300' title='bbox 642 3263 673 3323; x_wconf 93' lang='lat' dir='ltr'><strong>in</strong></span> <span class='ocrx_word' id='word_1_301' title='bbox 692 3263 849 3337; x_wconf 83' lang='lat' dir='ltr'><strong>beneficio,</strong></span> <span class='ocrx_word' id='word_1_302' title='bbox 866 3267 913 3325; x_wconf 84' lang='lat' dir='ltr'><strong>vel</strong></span> <span class='ocrx_word' id='word_1_303' title='bbox 932 3266 963 3324; x_wconf 86' lang='lat' dir='ltr'><strong>in</strong></span> <span class='ocrx_word' id='word_1_304' title='bbox 977 3265 1064 3325; x_wconf 88' lang='lat' dir='ltr'><strong>bouis</strong></span> <span class='ocrx_word' id='word_1_305' title='bbox 1079 3267 1168 3342; x_wconf 89' lang='lat' dir='ltr'><strong>petri·</strong></span> 
     </span>
     <span class='ocr_line' id='line_1_36' title="bbox 144 3346 1168 3435; baseline 0.013 -27"><span class='ocrx_word' id='word_1_306' title='bbox 144 3346 330 3421; x_wconf 87' lang='lat' dir='ltr'><strong>monialibus,</strong></span> <span class='ocrx_word' id='word_1_307' title='bbox 350 3350 398 3408; x_wconf 92' lang='lat' dir='ltr'><strong>vel</strong></span> <span class='ocrx_word' id='word_1_308' title='bbox 418 3348 448 3408; x_wconf 93' lang='lat' dir='ltr'><strong>in</strong></span> <span class='ocrx_word' id='word_1_309' title='bbox 469 3353 679 3412; x_wconf 89' lang='lat' dir='ltr'><strong>communione</strong></span> <span class='ocrx_word' id='word_1_310' title='bbox 694 3353 824 3429; x_wconf 83' lang='lat' dir='ltr'><strong>regulari</strong></span> <span class='ocrx_word' id='word_1_311' title='bbox 837 3359 887 3428; x_wconf 86' lang='lat' dir='ltr'><strong>(l).</strong></span> <span class='ocrx_word' id='word_1_312' title='bbox 904 3359 1004 3431; x_wconf 89' lang='lat' dir='ltr'><strong>Neque</strong></span> <span class='ocrx_word' id='word_1_313' title='bbox 1019 3364 1065 3417; x_wconf 90' lang='lat' dir='ltr'><strong>est</strong></span> <span class='ocrx_word' id='word_1_314' title='bbox 1079 3358 1168 3435; x_wconf 86' lang='lat' dir='ltr'><strong>enim,</strong></span> 
     </span>
     <span class='ocr_line' id='line_1_37' title="bbox 145 3436 1170 3518; baseline 0.017 -24"><span class='ocrx_word' id='word_1_315' title='bbox 145 3442 179 3495; x_wconf 88' lang='lat' dir='ltr'><strong>ut</strong></span> <span class='ocrx_word' id='word_1_316' title='bbox 192 3436 319 3496; x_wconf 90' lang='lat' dir='ltr'><strong>clericus</strong></span> <span class='ocrx_word' id='word_1_317' title='bbox 339 3437 369 3497; x_wconf 93' lang='lat' dir='ltr'><strong>in</strong></span> <span class='ocrx_word' id='word_1_318' title='bbox 387 3439 480 3499; x_wconf 88' lang='lat' dir='ltr'><strong>sacris</strong></span> <span class='ocrx_word' id='word_1_319' title='bbox 497 3442 684 3516; x_wconf 85' lang='lat' dir='ltr'><strong>constitutus,</strong></span> <span class='ocrx_word' id='word_1_320' title='bbox 702 3442 754 3518; x_wconf 88' lang='lat' dir='ltr'><strong>qni</strong></span> <span class='ocrx_word' id='word_1_321' title='bbox 776 3460 810 3504; x_wconf 89' lang='lat' dir='ltr'><strong>se</strong></span> <span class='ocrx_word' id='word_1_322' title='bbox 830 3450 925 3505; x_wconf 91' lang='lat' dir='ltr'><strong>totum</strong></span> <span class='ocrx_word' id='word_1_323' title='bbox 944 3444 1050 3506; x_wconf 78' lang='lat' dir='ltr'><strong>divims</strong></span> <span class='ocrx_word' id='word_1_324' title='bbox 1066 3448 1170 3511; x_wconf 83' lang='lat' dir='ltr'><strong>officiis</strong></span> 
     </span>
    </p>
   </div>
   <div class='ocr_carea' id='block_1_7' title="bbox 147 3524 1170 3611">
    <p class='ocr_par' dir='ltr' id='par_1_7' title="bbox 147 3524 1170 3611">
     <span class='ocr_line' id='line_1_38' title="bbox 147 3524 1170 3611; baseline 0.016 -25"><span class='ocrx_word' id='word_1_325' title='bbox 147 3524 235 3600; x_wconf 87' lang='lat' dir='ltr'><strong>dicat,</strong></span> <span class='ocrx_word' id='word_1_326' title='bbox 248 3525 355 3588; x_wconf 86' lang='lat' dir='ltr'><strong>habeat</strong></span> <span class='ocrx_word' id='word_1_327' title='bbox 368 3528 448 3589; x_wconf 90' lang='lat' dir='ltr'><strong>bona</strong></span> <span class='ocrx_word' id='word_1_328' title='bbox 462 3529 635 3606; x_wconf 83' lang='lat' dir='ltr'><strong>temporalia</strong></span> <span class='ocrx_word' id='word_1_329' title='bbox 648 3548 704 3608; x_wconf 90' lang='lat' dir='ltr'><strong>pro</strong></span> <span class='ocrx_word' id='word_1_330' title='bbox 713 3531 804 3610; x_wconf 85' lang='lat' dir='ltr'><strong>victu,</strong></span> <span class='ocrx_word' id='word_1_331' title='bbox 817 3532 935 3611; x_wconf 88' lang='lat' dir='ltr'><strong>vestitu,</strong></span> <span class='ocrx_word' id='word_1_332' title='bbox 945 3540 975 3596; x_wconf 91' lang='lat' dir='ltr'><strong>et</strong></span> <span class='ocrx_word' id='word_1_333' title='bbox 988 3535 1170 3602; x_wconf 87' lang='lat' dir='ltr'><strong>habitatione</strong></span> 
     </span>
    </p>
   </div>
   <div class='ocr_carea' id='block_1_8' title="bbox 0 0 1279 4088">
    <p class='ocr_par' dir='ltr' id='par_1_8' title="bbox 0 0 1279 4088">
     <span class='ocr_line' id='line_1_39' title="bbox 0 0 1279 4088; baseline 0 0"><span class='ocrx_word' id='word_1_334' title='bbox 0 0 1279 4088; x_wconf 95' lang='lat' dir='ltr'><strong> </strong></span> 
     </span>
    </p>
   </div>
  </div>
 </body>
</html>
