2546 4082
197 325 272 402 leges
283 327 353 396 tulit,
365 335 394 386 ot
407 331 547 388 observari
556 333 647 386 voluit.
661 334 778 400 Insuper
790 331 940 386 admittitur
954 333 983 384 in
994 333 1083 385 causis
1091 332 1192 384 ciuilibus

192 407 378 473 juramentum
391 405 587 471 purgatorium.
603 404 675 470 quod
689 409 834 470 prestetur
847 418 864 456 n
877 417 932 456 rso.
949 405 1047 456 Nonne
1061 405 1103 456 bic
1114 409 1150 456 est
1159 419 1191 476 ps7

197 478 312 530 riculunr
329 479 461 543 perjurill
480 479 516 528 nt
538 477 571 538 si,
590 490 646 528 non
665 478 787 528 obstante
800 477 851 528 boc
865 475 996 542 periculo,
1017 476 1116 527 licitum
1128 481 1193 528 estse

194 559 311 614 pungere
322 550 349 599 in
362 549 487 600 ciuilibus
501 550 751 616 perjurementum,
766 548 832 598 sorte
851 547 924 598 idem
939 559 995 598 non
1009 547 1098 598 licebit
1112 547 1137 597 in
1153 547 1193 598 eri-

194 619 359 670 minelibusi
368 621 397 672 Si
409 619 472 672 licet
482 621 517 672 ed
529 621 662 672 serrendo
675 620 747 671 bone
760 618 928 684 temporalis,
942 631 997 668 non
1008 617 1097 669 licebit
1107 619 1137 669 nd
1149 632 1192 668 ser·

192 689 308 741 uendem
322 693 431 754 semem,
442 697 469 743 et
482 692 584 742 bonum
597 704 703 749 nomen.
715 691 787 756 quod
800 693 914 754 praestut
923 689 1026 740 divitiis
1041 689 1143 740 mullisl
1152 689 1191 740 lle·

193 761 356 826 spondemus
371 763 405 814 sd
419 764 576 814 secundum.
591 761 764 814 Leuissimum
777 765 817 812 est
829 761 975 812 discrimen
988 759 1060 812 inter
1074 762 1189 824 jurumen-

144 839 154 846 ‘
192 837 313 885 mentum
325 835 418 886 delum
432 848 478 886 reo
488 835 515 885 in
529 849 578 886 suo
590 835 744 896 constituto,
761 837 789 884 et
798 833 984 897 juramentum
997 831 1090 884 datum
1105 833 1131 882 ln
1144 845 1189 896 prr·

191 905 315 969 cutione:
330 907 435 957 nemin
449 906 535 970 primo
549 920 614 960 cusu
629 906 730 957 crimen
741 907 800 969 jam
812 904 956 968 probatum
973 909 1023 961 est,
1038 904 1080 954 vel
1094 903 1190 968 proxime

191 975 375 1042 probandum
390 977 549 1029 insecundo
561 991 625 1029 vere
638 989 703 1028 cusu
718 990 773 1028 non
789 973 877 1026 solum
891 974 968 1025 abest
982 975 1103 1025 criminis
1115 975 1191 1039 probe·

190 1047 236 1106 tio.
252 1047 300 1098 sod
314 1059 402 1113 neque
415 1049 558 1114 probabile
571 1053 613 1100 ost
627 1049 739 1110 crimen,
753 1051 783 1098 ut
798 1059 881 1114 supro
895 1045 1044 1097 innuimus.
1058 1046 1093 1096 Et
1104 1044 1193 1096 aliunde

186 1119 371 1182 iuramentum
384 1119 567 1171 necessarium
581 1123 622 1171 est
640 1119 676 1171 ed
693 1119 793 1171 semem
812 1117 1035 1183 recuperandam,
1054 1129 1114 1183 qum
1134 1116 1194 1168 nullo

189 1189 242 1242 elio
258 1189 337 1242 modo
351 1191 506 1258 recuperari
521 1195 621 1258 polest.

223 1361 287 1418 282.
310 1357 405 1419 ludex
430 1357 559 1436 deniqne
585 1363 759 1435 competens
785 1363 842 1434 pro
867 1357 933 1418 loro
959 1363 1086 1419 externo
1111 1358 1195 1436 quoad

189 1445 295 1508 delicte
307 1464 391 1508 mere
408 1447 504 1508 civille
523 1449 555 1508 in
575 1447 658 1508 laicis
671 1455 717 1508 est
737 1448 819 1508 solus
839 1447 934 1524 judex
956 1448 1116 1523 omonimus,
1134 1448 1195 1508 etin

186 1533 292 1594 iisdem
304 1535 403 1611 quoad
415 1535 510 1596 mixta
519 1543 565 1597 est
573 1536 661 1596 simul
673 1535 904 1608 ecclesiasticus,
918 1542 949 1594 el
960 1536 1123 1610 saeculoris;
1137 1554 1195 1613 quo·

186 1639 254 1684 rum
275 1624 389 1701 primus
398 1626 485 1700 juxta
508 1625 668 1686 canonicas
690 1625 859 1686 sanctiones
876 1640 982 1700 poenas
996 1626 1108 1700 proiert
1121 1625 1194 1702 spiri-

187 1713 290 1783 tualem
305 1717 336 1772 et
348 1713 498 1774 secundus
518 1715 604 1792 juxta
618 1713 718 1776 civiles
737 1715 818 1789 leges
841 1704 948 1788 poenos
964 1713 1069 1789 infligit
1092 1721 1191 1790 tempo

184 1799 272 1858 ralcs.
283 1804 316 1860 in
337 1801 455 1862 clericis
468 1809 568 1863 eutem
580 1819 636 1878 pro
650 1808 778 1880 utroque
797 1801 974 1862 delictorum
987 1819 1097 1877 genere
1112 1803 1193 1878 juder

185 1898 359 1963 compotens
371 1897 417 1950 cst
429 1892 513 1951 solus
528 1889 759 1964 ecclesiasticus,
774 1891 845 1967 qnia
867 1889 971 1950 Clerici
984 1891 1041 1950 lori
1054 1891 1191 1968 priuilegio

179 1976 332 2054 juventur,
347 1977 448 2040 ubido
465 1997 571 2042 corum
584 1980 699 2042 delictis
712 1979 913 2058 privilegiatis,
924 1981 972 2040 vel
981 1981 1125 2058 exemptis
1139 1996 1188 2040 nor

184 2063 291 2142 agitur.
