2468 4090
619 213 778 274 ..196-

223 345 288 403 itt.
306 341 350 404 ad
370 337 475 403 vicarii
498 337 670 416 capitularis
682 351 791 398 munus
806 331 1009 421 manmendus
1022 335 1078 392 est
1091 327 1223 401 clericis,

190 430 296 491 saltem
309 427 407 507 prima
419 429 543 490 tonsura
569 426 708 498 initiatus,
733 424 784 502 qui
803 428 922 486 aetatem
939 421 1058 482 lrabeat
1071 425 1112 479 25
1138 423 1226 477 anno-³

188 533 267 592 mm,
282 517 333 596 qui
347 519 453 580 saltem
476 516 507 576 in
529 521 599 576 iure
618 513 764 575 canonico
778 512 816 573 sit
829 517 951 585 Ductor,
964 512 1015 570 vel
1045 506 1223 576 licentiatus,

188 607 237 667 vel
258 607 331 668 alias
352 612 498 684 quantum
518 604 582 666 lieri
607 609 706 681 potest
729 601 854 662 idoneus
875 603 927 674 (t).
950 597 1095 661 Dicimus
1114 596 1226 668 seiten,

189 694 260 772 qrrie
270 695 296 754 si
305 694 409 756 haberi
422 699 524 771 posset
537 698 647 753 Ductor
658 691 689 753 in
702 697 732 752 S.
747 689 916 766 theologia,
930 694 961 749 et
974 686 1052 748 iure
1069 682 1222 758 canonico,

187 783 295 844 melius
307 791 388 844 esset
398 783 532 858 ecclesiae
546 782 727 842 consultum.
738 785 803 841 lton
816 786 916 840 tamen
930 777 1104 849 sufficeret,
1115 773 1141 834 si
1152 780 1223 834 esset

188 877 305 932 unam
324 877 434 932 Ductor
457 870 488 930 in
507 869 678 946 Theologia3
702 869 773 946 quia
788 874 822 930 ut
838 867 880 928 ait
903 865 1125 928 Fermosinus:
1144 889 1158 914 ι
1173 861 1224 922 Viri

191 959 374 1037 «vueoiogi,
396 958 453 1022 etsi
476 958 680 1020 litteratissimi
702 957 771 1033 sint,
795 973 856 1018 nou
879 955 950 1017 satia
971 950 1222 1031 surisprudenua

190 1074 205 1099 α
223 1047 352 1126 praxim,
374 1054 406 1110 et
426 1048 575 1110 theoriam
594 1049 712 1122 callent,
737 1053 767 1108 et
786 1046 855 1124 quia
867 1045 994 1124 proinde
1011 1042 1177 1104 multoties
1189 1057 1222 1100 aa

189 1161 203 1188 ι
223 1137 331 1213 capite,
352 1153 409 1214 pro
427 1136 552 1198 arbitrio
573 1135 737 1198 sententias
755 1136 920 1212 proterunt,
935 1150 973 1194 ac
991 1133 1100 1193 solent
1118 1129 1221 1191 averi-

190 1251 204 1276 ι
225 1231 294 1302 tate,
309 1231 340 1286 et
349 1225 469 1303 justina
485 1225 603 1286 tramite
620 1225 739 1286 deviare
751 1228 803 1297 (2).
821 1248 833 1278 a
855 1222 984 1284 Dicimus
996 1221 1045 1283 ocl
1059 1221 1146 1282 alins
1161 1221 1220 1280 ido·

187 1330 272 1386 netu,
287 1315 369 1392 quod
381 1313 422 1376 ita
440 1314 697 1392 interpretandum
710 1320 766 1384 est,
781 1319 814 1374 ut
827 1313 953 1389 eligatur
966 1316 1094 1384 Ductor,
1111 1307 1219 1372 etiamsi

187 1419 267 1464 unus
280 1404 346 1465 talis
359 1405 547 1466 solummodo
561 1411 642 1464 esset
655 1403 684 1462 in
698 1402 829 1479 capitulo
842 1407 894 1475 (3),
909 1407 940 1462 et
952 1401 978 1460 si
990 1401 1099 1460 nullus
1113 1405 1219 1459 Doctor

186 1491 313 1554 idoneus
327 1500 406 1554 esset
418 1493 448 1552 in
458 1493 597 1572 capitulo,
607 1495 655 1553 vel
666 1501 763 1566 extra,
779 1491 927 1569 quivellet
937 1489 1043 1552 vicarii
1056 1506 1143 1550 onus
1157 1504 1218 1547 sus·

188 1582 294 1658 tinere,
311 1589 345 1642 ut
358 1583 483 1659 eligatur
504 1599 566 1643 non
584 1583 700 1656 doctor,
718 1583 770 1643 sed
790 1597 908 1658 semper
926 1581 1054 1641 idoneus
1074 1583 1132 1653 (t).
1149 1582 1216 1653 Spe·

188 1671 301 1732 cialiter
313 1678 413 1734 autem
427 1670 495 1748 eligi
508 1671 540 1731 in
552 1671 699 1732 Viearium
713 1671 906 1747 capitularem
923 1668 1033 1746 nequit,
1060 1667 1116 1744 qui
1131 1685 1151 1727 a
1165 1683 1214 1726 sae

188 1760 283 1821 culari
296 1767 443 1837 potestate
455 1761 495 1822 ad
505 1760 604 1836 ipsum
618 1758 825 1837 episcopatum
837 1759 1008 1821 nominatus
1018 1757 1075 1818 init
1089 1762 1143 1830 (tt.

748 1859 761 1892 0

220 1915 342 1983 (l)'1'rid.
355 1915 460 1972 loccit.
477 1945 505 1956 -·
521 1919 555 1985 (1)
568 1918 607 1972 De
624 1917 710 1986 Capit.
731 1918 793 1972 Sed.
804 1931 862 1971 vac.
877 1932 903 1985 q.
923 1919 949 1980 9,
968 1932 997 1976 n.
1012 1916 1049 1968 18.
1065 1943 1097 1972 -,-
1111 1915 1149 1982 (3)
1165 1915 1213 1966 Do·

188 1993 246 2044 ator
259 1992 302 2043 vel
320 1991 469 2045 licentiatus
483 1996 573 2046 tamen
592 1994 674 2047 debet
688 1995 717 2046 in
732 1993 823 2059 aliqua
836 1991 947 2058 publica
961 1996 988 2042 et
1003 1988 1141 2042 catholice
1156 1988 1211 2040 uni·

186 2063 328 2116 versitate:
344 2078 406 2116 nem
420 2064 519 2118 adhoc
535 2080 590 2118 non
608 2066 745 2118 sufficeret
760 2067 873 2126 Laurea,
895 2065 939 2117 vei
954 2062 1075 2116 Licentia
1099 2061 1165 2112 data
1187 2060 1212 2109 in

187 2135 363 2188 universitate
376 2141 480 2188 tanturn
491 2137 627 2202 seculari,
637 2138 681 2190 vel
694 2151 824 2190 concessa
837 2153 854 2190 a
867 2138 995 2204 Principe
1011 2149 1061 2203 per
1080 2132 1211 2185 indultum

187 2207 292 2271 gratiae.
306 2234 336 2246 -
346 2207 382 2274 (i)
397 2207 475 2271 Quod
489 2210 589 2262 Ductor
602 2209 631 2260 in
645 2211 707 2274 jure
724 2211 862 2269 canonico,
878 2211 903 2260 si
918 2210 954 2260 sit
972 2211 1000 2260 in
1018 2206 1153 2270 capitulo,
1169 2201 1208 2254 vel

187 2277 269 2329 etiarn
285 2282 362 2331 extra
376 2280 410 2331 ad
432 2280 483 2333 hoc
498 2294 596 2332 munus
620 2282 790 2344 persuasit
811 2280 961 2346 eligendus,
973 2279 1151 2331 *demonstrat
1168 2273 1210 2324 Ri-

187 2347 264 2400 cther
277 2363 310 2400 ex
325 2350 448 2404 adductis
461 2351 571 2404 totidem
586 2353 616 2402 S.
631 2352 853 2417 congregationis
868 2351 1050 2404 decisionibus
1060 2366 1067 2410 ;
1079 2348 1148 2400 alias
1160 2358 1209 2396 non

186 2420 309 2472 Doctoris
323 2422 418 2475 electio
436 2423 563 2475 sustineri
578 2423 712 2490 nequiret.
727 2425 769 2474 Ad
790 2424 865 2475 Trid.
880 2437 948 2476 sess.
958 2424 998 2484 ti,
1014 2437 1037 2474 c.
1053 2421 1091 2482 16,
1109 2419 1144 2470 de
1165 2417 1208 2468 rei·

185 2504 215 2542 n.
233 2491 257 2542 i.
275 2511 305 2529 -ι
317 2493 354 2558 (5)
368 2493 426 2545 Hoc
442 2495 573 2561 probatur
586 2509 618 2546 ex
637 2494 718 2545 Brevi
729 2495 773 2545 Pii
786 2496 848 2560 VII,
862 2496 878 2548 1
892 2494 1013 2546 decemb.
1026 2492 1096 2556 1810,
1106 2490 1142 2542 ad
1160 2491 1208 2540 Ar·

186 2561 374 2614 chidiaconum
395 2563 590 2628 Florentinum,
620 2564 667 2631 qui
694 2566 787 2632 Ipsum
808 2566 990 2625 consuluerat,
1013 2577 1048 2614 an
1070 2562 1208 2627 episcopus

188 2633 365 2685 Nanceiensis
376 2635 408 2685 ad
425 2635 517 2687 sedem
532 2637 672 2688 Florentiae
689 2653 742 2703 per
756 2637 941 2704 Napoiennem
958 2631 1108 2687 noniinatus
1124 2633 1209 2700 posset

189 2704 253 2768 eligi
275 2706 304 2758 in
331 2706 470 2758 vicarium
493 2708 695 2774 capitularem?
724 2709 848 2760 Pontifex
871 2708 1020 2775 respondit,
1043 2715 1206 2771 nequaqnam

190 2789 281 2840 posse,
295 2791 327 2829 ea
340 2779 476 2845 precipue
490 2779 524 2830 de
541 2793 631 2843 causa,
642 2779 707 2845 quia
723 2795 756 2832 ex
768 2781 918 2833 Tridentini
930 2774 1088 2846 praescripto
1100 2789 1159 2828 cum
1167 2773 1206 2824 Vi·

188 2849 281 2901 carius
294 2848 393 2900 debeat
419 2850 533 2902 reddero
549 2851 667 2902 rationes
678 2865 734 2903 suae
751 2852 992 2903 administrationis
1005 2851 1137 2914 episcopo,
1150 2858 1206 2914 sup·

190 2919 309 2986 ponitur,
329 2919 468 2971 vicarium
485 2935 545 2972 essa
562 2922 821 2988 deberepersonam
843 2937 859 2974 a
875 2921 1057 2989 promovendo
1070 2921 1203 2972 diversam.

187 2991 243 3042 Alii
257 2991 361 3044 similes
377 3005 457 3044 ocsus
472 2992 627 3044 reseruntur
648 3007 664 3044 a
682 2994 760 3046 Card.
779 2994 879 3058 Soglia.
894 2995 962 3045 inst.
975 2995 1032 3058 jur.
1051 2992 1120 3056 priv.
1140 2989 1152 3052 ἓ
1169 2987 1203 3038 2³·

187 3062 323 3114 Caeterum
341 3063 370 3113 in
388 3063 518 3115 electione
532 3064 634 3116 Vicarii
658 3069 736 3116 caute
757 3065 958 3130 procedendum
972 3069 1024 3128 est,
1039 3077 1076 3116 na
1088 3064 1114 3112 S.
1129 3058 1206 3110 Sedes

187 3134 332 3186 electiones
348 3147 483 3197 revocare,
495 3138 523 3186 et
543 3135 577 3186 de
589 3136 699 3188 Vicario
710 3137 875 3203 Apostolico,
886 3141 934 3188 aut
952 3136 1034 3188 aliter
1048 3135 1142 3186 debeat
1153 3143 1203 3196 prp-

164 3212 165 3216 ’
185 3205 288 3257 videre.
302 3206 336 3256 Et
352 3205 385 3256 de
399 3205 467 3258 iacto
483 3206 549 3258 Pius
562 3207 616 3258 Vll
630 3210 766 3260 revocavit
791 3207 950 3260 electionem
967 3206 1069 3260 vicarii
1086 3201 1204 3270 capitula·

187 3276 225 3326 ris
239 3277 337 3327 iactam
356 3289 372 3327 a
393 3277 482 3330 tribus
498 3277 636 3330 canonicis
656 3279 773 3345 Capituli
787 3279 986 3343 Lugdunensis.
1002 3279 1063 3328 Bul.
1074 3291 1132 3327 nov.
1145 3279 1200 3324 tona

185 3345 222 3408 ΙΙ,
238 3361 291 3413 pag
304 3348 344 3407 37·‚
358 3352 385 3400 et
398 3362 491 3400 omnes
501 3348 648 3401 electiones
659 3349 831 3401 vicariorum
844 3349 1042 3415 capitularium
1057 3350 1138 3400 lacus
1156 3343 1199 3395 suh

187 3416 291 3470 Gallica
303 3418 485 3472 dominatione
499 3420 528 3471 in
545 3420 636 3484 Regno
648 3420 837 3486 Neapolitano.
848 3421 889 3472 id.
906 3420 968 3472 Bul.
983 3424 1002 3472 t.
1019 3421 1058 3473 13.
1069 3433 1096 3486 p.
1109 3419 1160 3470 42⁵.

222 3607 285 3664 198.
301 3603 403 3675 Quoad
416 3609 595 3681 potestatem
605 3612 635 3666 et
645 3605 892 3682 iurisdictionem,
902 3621 978 3683 quas,
991 3605 1063 3667 sede
1074 3607 1197 3671 vacante,
