2490 4088
634 191 778 248 -92..

191 317 264 384 quod
275 316 393 368 annulus
409 314 461 366 hec
470 313 609 384 occasione
625 310 842 380 jurisdictionem
855 309 966 374 indicat,
981 323 1065 376 quem
1079 311 1220 377 simplices

191 387 344 440 sacerdotes
356 400 410 438 non
427 385 537 447 hebent,
553 385 616 437 dict.
631 399 691 451 cop.
711 384 748 436 15.
763 382 797 434 de
811 383 855 434 vlt.
873 384 900 432 et
916 382 1024 434 honest.
1043 381 1108 433 cler.
1125 389 1157 434 et
1169 383 1217 434 Be-

189 458 313 510 nedictus
327 457 401 508 XIV.
416 457 483 507 lnat.
499 456 576 508 ihu.
598 457 634 507 ts.
649 455 666 506 J
669 454 761 506 uvebit
770 453 815 504 hic
828 454 896 504 sorte
915 453 983 503 illud
1006 467 1219 505 commemorare

190 541 329 581 commune
343 527 462 590 silatum,
477 527 550 593 quod
572 528 611 579 sic
625 541 654 578 se
670 526 771 577 hahet:
788 523 903 578 Clericus
926 524 1150 590 conualescere
1165 527 1218 591 epi·

138 623 143 634 ·
188 613 289 666 scopus,
302 603 351 653 out
359 599 464 664 fatuus.
480 599 568 650 Gloss.
583 599 611 649 in
635 597 725 662 capti,
738 596 771 648 de
780 595 870 662 privil.
883 595 912 646 in
933 595 991 647 6.-
1000 597 1035 661 (6)
1047 596 1164 648 clericis
1176 611 1219 662 pe·

189 671 257 722 riter
270 670 428 721 indecorum
443 670 611 721 arbitremur
625 670 714 720 sinere
737 681 767 719 se
780 667 807 718 in
820 666 884 718 telis
899 666 984 731 pingi,
998 671 1046 717 out
1060 667 1219 734 pernoram

189 748 274 793 artem
289 741 532 806 photographicem
547 739 686 801 delineari,
700 740 765 803 quie
788 737 816 788 id
831 737 866 788 ad
880 738 1022 788 minimum
1046 739 1220 790 menifestum

187 812 520 864 venitotemdemonstret.
535 839 565 848 -
580 812 615 876 (7)
638 811 704 875 Cap.
717 810 775 860 5'et
788 810 814 860 7.
833 808 867 859 de
878 809 925 859 vit.
941 813 968 859 et
981 809 1089 860 honest.
1111 811 1180 862 cler.
1192 839 1220 848 -
1240 824 1241 844 t

188 884 223 948 (8)
237 884 251 934 1
264 882 298 934 ad
314 883 431 934 Corinth.
445 895 468 934 c.
486 882 522 932 ii.
540 909 568 921 -
582 882 616 947 (9)
636 883 679 932 lte
691 880 830 933 mondavit
848 879 1021 931 Innocentius
1042 881 1107 944 XII,
1125 881 1172 932 die
1192 883 1220 932 m

187 955 310 1006 novemb.
330 954 399 1004 1692.
413 981 444 990 -
458 953 510 1019 (10)
534 954 680 1019 Propterea
700 966 762 1003 cum
780 951 892 1016 quidem
912 950 1028 1002 clericus
1047 952 1219 1018 peregrinus.

188 1026 235 1090 qui
253 1026 366 1077 Romam
379 1025 535 1086 advenerat,
550 1039 566 1075 o
583 1026 657 1088 Pape
669 1022 921 1088 reprehenderetur,
932 1021 1004 1087 quod
1018 1036 1139 1074 comam‘
1150 1024 1219 1075 rele-

188 1101 310 1160 xsveret‚
326 1097 363 1148 ite
378 1096 516 1160 respondit
531 1112 537 1145 :
555 1094 648 1148 Tutius
660 1097 690 1148 ut
702 1097 820 1158 peterem
829 1093 894 1146 totoi
905 1092 951 1144 sub
962 1093 1083 1158 impiere
1095 1093 1219 1156 Romam,

170 1166 230 1233 ,Ῑαε
240 1167 304 1232 suit,
319 1170 349 1220 ut
363 1165 479 1219 sinerem
492 1165 633 1219 incudere
641 1178 754 1218 comam.
769 1165 856 1216 Gloss.
867 1163 902 1215 od
915 1177 975 1228 cap.
986 1164 1010 1228 i,
1022 1165 1056 1216 de
1066 1165 1117 1217 vit.
1133 1170 1162 1218 et
1173 1165 1219 1217 ho·

186 1243 256 1291 nest.
269 1239 335 1292 cler.

221 1410 266 1466 82.
285 1411 337 1466 tus
350 1420 469 1465 sacmm
482 1403 621 1480 gravibus
634 1403 734 1480 poenis
749 1404 875 1464 elericos
883 1410 1050 1477 tonsuram,
1065 1403 1220 1465 hahitum-

186 1512 244 1571 que
268 1495 424 1571 proprium
448 1511 510 1553 non
529 1494 697 1554 deferentes
723 1494 896 1570 compescit.
925 1493 1085 1554 Enimvero
1105 1501 1236 1570 praeter=

183 1583 300 1660 peccati
318 1589 443 1655 reatum,
464 1582 596 1658 eliasque
618 1599 725 1658 poenes
739 1584 786 1643 hae
808 1582 922 1642 suntin
940 1584 1008 1658 jure
1022 1581 1172 1658 scriptae:
1192 1585 1219 1644 si

185 1671 284 1732 clerici
298 1671 328 1730 in
344 1670 438 1730 sacris
455 1670 616 1742 constituti,
633 1670 784 1731 ueletiam
799 1669 829 1729 in
845 1670 1021 1744 minorihus,
1036 1687 1107 1730 cum
1121 1672 1222 1733 bene-

97 1809 99 1819 .
183 1760 284 1820 flotmn
304 1760 425 1841 hahent,
440 1765 593 1819 tonsuram
610 1759 803 1835 habitumque
816 1759 854 1818 ad
873 1759 1003 1830 notehile
1027 1765 1155 1836 tempus
1177 1762 1221 1821 di·
1243 1755 1244 1760 ’

182 1848 326 1920 miserint,
338 1865 392 1924 per
405 1849 626 1922 suspensionem
643 1847 678 1907 ob
693 1848 856 1917 ordinibus,
872 1846 907 1908 cc
921 1849 1010 1924 officio
1025 1855 1052 1907 et
1066 1849 1217 1924 beneficio,

183 1953 218 1996 cc
235 1937 389 2011 fratctihus,
403 1936 572 2006 redditibus,
597 1943 623 1996 et
635 1936 821 2012 proventibus
840 1937 973 2012 ipsorum
987 1937 1218 2012 beneficiorum

182 2040 235 2084 nec
247 2041 318 2094 nott,
333 2025 361 2083 si
372 2024 460 2084 seruet
475 2025 607 2100 correpti,
629 2025 724 2084 denam
738 2025 771 2084 iu
789 2025 843 2084 hoe
856 2025 1041 2101 deliquerint,
1057 2026 1155 2086 etiam
1168 2044 1221 2103 per

179 2112 375 2189 privationem
389 2113 551 2188 officiorum
565 2120 592 2172 ct
605 2112 810 2188 beneficiorum
827 2114 998 2190 hujusmodi
1010 2116 1139 2174 coerceri
1151 2134 1219 2191 pos-

121 2233 130 2254 .
181 2201 419 2270 scaturiebant
437 2205 488 2273 (t).
517 2205 610 2261 lmmo
632 2201 678 2262 his
701 2201 806 2262 officiis
823 2203 856 2262 iet
877 2201 1030 2262 beneflciis
1051 2203 1120 2279 ipso
1137 2205 1219 2264 facto

181 2289 345 2364 privantur,
365 2288 406 2348 ite
422 2295 522 2348 temen
538 2295 581 2362 ut,
596 2307 637 2349 ex
655 2291 805 2349 communi
821 2295 983 2350 Doctorum
1003 2291 1150 2366 opinione
1166 2295 1220 2352 ad-

181 2377 241 2436 huc
261 2376 298 2436 sit
317 2394 393 2453 opus
408 2377 516 2453 judicis
543 2378 689 2438 sententie
707 2378 880 2454 privationis
899 2379 1096 2439 declaratorie
1111 2385 1170 2454 (2).
1193 2382 1220 2441 si

180 2481 253 2525 vero
272 2465 371 2526 clerici
390 2472 544 2525 tonsuram
558 2465 751 2542 hahitumque
769 2483 830 2526 non
844 2467 1012 2527 deferentes
1025 2468 1086 2526 sint
1108 2469 1144 2526 in
1162 2471 1219 2529 mi-

180 2554 303 2613 noribus
317 2561 432 2614 tentum
456 2554 617 2628 constituti,
642 2557 815 2631 nullumque
833 2556 1006 2632 possideant
1019 2557 1217 2631 beneficium,

178 2732 256 2790 facto
271 2735 322 2804 (l);
333 2738 363 2792 et
377 2730 401 2790 si
416 2731 453 2791 sit
467 2732 504 2791 ad
514 2731 643 2792 notabile
664 2738 780 2808 tempus
789 2733 936 2808 producta
949 2739 1064 2793 certum
1078 2740 1136 2805 est,
1158 2737 1220 2796 cle·

180 2821 261 2880 ricos
274 2820 415 2884 emissem
427 2819 684 2903 fori'privilegium
697 2837 886 2898 recuperare,
911 2822 936 2881 si
953 2828 1109 2883 tonsuram
1123 2819 1218 2884 hahi-

183 2918 307 2984 tumque
321 2909 476 2969 dimissum
487 2909 599 2985 absque
613 2909 683 2969 dolo
695 2915 726 2969 et
737 2911 842 2970 fraude
854 2918 1040 2970 reassumam
1054 2913 1105 2984 (ὅ).

212 3046 249 3112 (ι)
262 3045 336 3097 rere.
352 3059 420 3098 sess.
435 3047 476 3110 u,
489 3061 512 3099 ο.
526 3049 541 3099 s
555 3046 588 3098 ee
601 3047 651 3100 rer.
668 3073 695 3084 -
714 3047 750 3113 (a)
763 3047 824 3099 eui.
841 3046 907 3101 cum
922 3025 1125 3102 sieeamtem
1139 3048 1219 3103 suu

181 3119 215 3180 V,
230 3120 308 3182 cujus
322 3117 394 3182 rigor
408 3131 462 3168 non
477 3122 519 3170 est
541 3117 642 3182 ubique
666 3122 808 3183 receptus;
826 3119 907 3172 immo
925 3119 1134 3185 aliquantulum·
1152 3136 1215 3173 mo-

185 3190 295 3241 deratus
308 3189 336 3238 in
353 3189 407 3239 elio
421 3192 480 3253 eJ'us
490 3189 567 3240 hulle
581 3189 734 3253 incipiente,
748 3189 908 3242 Postorotr's.
922 3189 1098 3242 Reiffenstuel
1111 3192 1147 3243 de
1165 3195 1216 3245 vit.

181 3262 209 3311 et
221 3259 325 3312 honest.
343 3259 406 3310 cler.
422 3273 452 3310 n.
465 3259 495 3310 64
509 3265 536 3312 et
556 3273 632 3325 seqq.
648 3287 679 3296 -
692 3260 727 3324 (3)
745 3261 818 3312 Trid.
844 3274 911 3314 sess.
929 3262 968 3324 23,
985 3275 1008 3312 c.
1023 3263 1047 3322 6,
1062 3262 1096 3314 de
1111 3264 1164 3315 res.
1182 3291 1216 3306 -

181 3331 216 3396 (i)
230 3331 270 3381 Ex
282 3330 416 3381 decisione
430 3330 509 3381 citato
522 3343 538 3381 e
550 3330 677 3395 rignano
691 3345 750 3397 cop.
762 3331 846 3398 siquis
857 3332 890 3385 de
903 3332 954 3386 sor.
965 3345 1053 3400 comp.
1063 3359 1095 3371 -
1104 3333 1142 3400 (5)
1154 3335 1212 3388 Be-

180 3401 303 3453 nedictus
316 3401 390 3465 XIV,
407 3399 441 3453 de
454 3401 548 3466 synod.
559 3401 579 3452 l.
593 3401 618 3466 t,
632 3416 656 3454 c.
673 3402 714 3467 67,
729 3403 742 3467 i
761 3402 772 3454 l
788 3407 815 3455 et
826 3403 851 3455 2.

216 3573 261 3666 83.
280 3569 518 3631 ecclesiasticum
528 3567 656 3647 denique
665 3569 861 3634 ministerium
873 3589 891 3632 a
904 3571 1020 3634 clericis
1037 3572 1213 3650 adimplen-
