2546 4082
544 235 651 292 -eet
668 263 704 274 ·-

155 361 191 427 (1)
212 360 276 427 Cap.
294 359 323 414 la
339 359 373 414 da
388 361 456 412 sant.
474 372 576 412 excom.
591 357 731 424 inti-(i)
745 359 809 426 Cap.
828 359 856 412 l8
870 358 904 412 de
920 360 987 412 sant.
1000 371 1101 410 excom.
1116 363 1144 412 at

123 431 208 485 Clam.
228 432 253 492 t,
273 433 332 485 eod.
347 459 379 470 -
397 431 432 496 (3)
454 431 519 497 Cap.
539 431 578 495 13,
596 431 654 482 eod.
678 431 744 482 item
765 433 854 496 potest
866 444 943 482 orare
961 429 1093 497 privatim,
1117 434 1144 482 et

124 505 207 555 etiam
223 503 304 556 horas
325 503 467 556 canonicas
490 503 614 568 recitare,
631 501 749 554 sednon
773 505 862 568 potest
886 503 986 554 lucrari
1011 501 1142 554 distribu-

122 573 211 627 tiones
225 575 405 642 quotidianos,
420 575 484 626 licat
497 575 617 626 lucretur
632 573 675 625 sui
688 573 811 624 beneficii
825 573 938 636 tructus,
951 573 1004 624 nisi
1017 587 1067 639 per
1080 587 1140 625 san·

122 647 236 698 tentiam
246 647 346 712 judicis
360 646 456 698 iisdem
473 645 602 710 privetur.
614 645 677 710 Cep.
694 645 724 696 53
738 646 772 696 de
785 645 885 711 appell.
899 645 928 695 in
946 644 969 696 6,
984 671 1015 682 -
1029 645 1062 709 (t)
1076 645 1142 710 Cap.

120 717 184 768 ide
198 718 262 769 cler,
282 731 383 770 excom.
406 717 506 768 minist.
531 745 558 759 —
578 717 613 783 (5)
632 715 695 784 Cap.
720 717 757 776 13,
776 717 788 782 ὅ
804 715 943 770 Credentes
956 717 990 768 de
1003 715 1097 768 haeret.
1112 742 1144 754 -

119 791 157 857 (6)
170 791 233 858 Cup.
254 791 284 842 it
298 791 332 842 de
348 789 481 854 rescript..
499 803 558 856 cap.
577 789 599 850 i,
612 789 671 840 eod.
690 789 719 840 in
729 789 753 840 6.
768 817 799 828 -
815 791 851 855 (l)
865 789 930 854 Cap.
948 790 976 840 lt
992 790 1025 841 de
1038 791 1138 857 sepult.

119 863 258 914 Praeterea
273 862 564 915 excommunicatorum
577 861 686 912 nomina
703 866 841 927 nequeunt
860 861 967 928 publice
988 862 1097 914 recitari
1113 863 1143 914 in

120 935 253 1000 Ecclesia,
264 936 292 986 ot
301 934 329 986 in
342 933 509 986 orationibus
518 932 646 998 publicis.
660 932 796 998 Zallinger
806 933 840 985 ad
851 931 891 984 lit.
905 935 938 984 de
950 939 1018 986 sent.
1029 947 1142 998 excom,

154 1208 219 1266 288.
239 1204 513 1266 Excommunioatio
532 1219 594 1266 non
614 1205 740 1266 tolerata
751 1210 859 1280 praeter
871 1220 962 1281 supra
980 1203 1087 1266 citatos
1100 1206 1142 1265 ef-

118 1295 225 1367 iectus,
237 1293 288 1370 qui
296 1311 456 1371 personam
465 1293 714 1356 excommunicati
726 1293 867 1366 afficiunt,
881 1293 1033 1370 graviores
1046 1293 1146 1356 adhuc

119 1383 269 1460 producit,
286 1382 337 1459 qui
350 1383 424 1444 alios
438 1383 527 1444 etiam
545 1383 648 1444 fideles
661 1383 834 1460 respiciunt.
850 1383 924 1444 ilinc
938 1384 1143 1444 excommuni-

119 1473 179 1533 cati
190 1473 318 1550 publice,
333 1479 363 1533 et
377 1473 552 1534 nominatim
564 1471 742 1546 denunciari,
757 1489 887 1534 necnon
901 1471 1009 1532 notorii
1023 1473 1145 1534 clerieo

119 1578 190 1624 rum
206 1578 402 1639 percussores
417 1566 457 1636 (1)
469 1563 624 1639 privantur
640 1581 647 1623 :
663 1567 694 1621 1ο
704 1561 838 1624 coercitio
848 1561 1002 1638 potestatis
1012 1561 1144 1638 ordinis;

119 1667 182 1710 non
196 1657 242 1710 est
262 1650 341 1731 enim
366 1650 446 1711 licite
467 1651 663 1726 consecratio,
683 1669 749 1728 quae
771 1652 804 1711 flt
817 1651 855 1710 ab
870 1651 1144 1727 excommunicatis,

118 1740 189 1800 licet
207 1739 244 1799 sit
257 1739 354 1800 valida
372 1742 429 1814 (2),
445 1745 476 1799 2⁰
492 1747 634 1817 potestate
654 1739 867 1816 jurisdictionis
884 1745 946 1802 tam
960 1741 1144 1816 voluntariae,

122 1845 214 1905 quam
227 1827 420 1888 contentiosae
439 1846 494 1906 pro
514 1830 581 1889 loro
596 1834 657 1889 tam
679 1829 806 1903 interno,
837 1845 927 1906 quam
953 1837 1078 1891 externo
1093 1834 1145 1906 (3),

121 1918 193 1978 hinc
220 1913 496 1978 excommunicatus
537 1934 598 1977 non
625 1924 723 1994 potest
746 1917 837 1978 alium
873 1918 1145 1993 excommunicare,

122 2023 223 2082 neque
248 2007 394 2066 beneficia
417 2008 564 2081 conferre,
580 2012 609 2066 et
628 2005 654 2066 si
672 2024 710 2067 ex
730 2008 824 2067 tribus
837 2007 984 2082 jndicibus
1005 1996 1147 2084 delegatis

80 2151 84 2158 .
122 2112 202 2155 unus
214 2095 253 2154 sit
272 2095 557 2170 excommunicatus,
586 2096 731 2158 sententia
756 2097 795 2156 ab
818 2096 923 2157 iisdem
936 2099 1051 2174 prolata
1064 2097 1147 2157 irrita

124 2189 170 2242 est
185 2187 242 2256 (l),
258 2187 290 2244 3⁰
307 2186 513 2245 communione
535 2191 660 2246 externa
686 2184 817 2247 fidelium
842 2193 903 2246 tam
925 2186 1036 2246 forensi
1057 2203 1147 2262 quarn

123 2271 254 2348 polytica
273 2276 332 2346 (5),
353 2274 423 2333 hino
445 2275 720 2335 excommunicatus
743 2292 804 2335 uon
831 2281 929 2351 potest
952 2292 1018 2335 esse
1039 2276 1144 2352 judex,

119 2365 215 2435 actor,
237 2361 410 2436 advocatus,
434 2363 563 2437 tabellio,
580 2363 672 2438 testis,
689 2370 747 2424 eto.
768 2367 821 2438 (6),
840 2381 937 2440 neque
954 2370 1052 2440 potest
1076 2379 1148 2426 cum

120 2449 258 2510 fidelibus
265 2451 408 2524 habitare,
417 2452 599 2525 conversari,
606 2459 745 2525 tractare,
753 2469 864 2528 eosque
876 2452 965 2512 etiam
974 2453 1103 2528 alloqui(
1123 2457 1145 2524 ).

121 2538 205 2598 Unde
219 2544 361 2600 Doctores
375 2541 507 2600 actiones
518 2541 681 2617 prohibitas
695 2541 953 2602 excommunicato
968 2558 1038 2602 cum
1051 2543 1146 2603 fideli·

119 2627 187 2702 hus,
202 2633 233 2687 et
243 2627 380 2688 fidelibus
389 2645 459 2689 cum
467 2629 725 2690 excommunicato
734 2629 766 2688 in
779 2630 838 2690 hoc
849 2629 997 2690 versiculo
1011 2647 1147 2706 compre·

122 2716 275 2777 hendunt:
292 2717 339 2787 Oe,
355 2734 450 2791 orere,
465 2718 541 2793 cole,
556 2719 733 2793 contenente,
748 2735 852 2780 mense
865 2727 1001 2795 necetur.
1016 2719 1053 2779 Or
1067 2718 1145 2778 indi-

123 2811 171 2866 cat
190 2806 400 2868 allocutionem
419 2807 522 2882 verbo,
539 2807 601 2867 sive
614 2807 740 2884 scripto,
763 2824 849 2869 orere
869 2808 1002 2868 continet
1023 2823 1143 2869 omnem

123 2894 288 2956 orationem
298 2896 637 2957 cumcxcommunioetis
650 2897 680 2956 in
694 2897 796 2971 sacris,
807 2904 837 2958 et
848 2896 963 2970 vlivirris,
977 2913 1146 2974 eorumque

123 2984 278 3044 nominum
291 2984 496 3054 recitationem
509 2985 539 3044 in
554 2985 680 3062 puhlicis
691 2987 830 3062 precibus
845 2989 901 3058 (8);
916 2985 980 3046 vale
997 2985 1147 3061 significat

125 3088 214 3132 omne
224 3079 381 3134 externum
393 3074 510 3149 signum
523 3074 755 3148 amicitiae,velut
769 3074 985 3148 salutationem,
997 3076 1143 3148 osculum,

126 3163 312 3237 amplexum3
329 3164 495 3224 communio
507 3163 635 3240 explicat
650 3163 1015 3238 communicationem,ch
1024 3163 1153 3223 societa'

125 3255 186 3310 tem
200 3267 207 3322 3
223 3267 327 3310 neenec
339 3251 460 3312 demum
474 3252 699 3329 comprehendit
712 3253 822 3314 nedum
831 3253 933 3329 epulas
953 3259 984 3312 et
1000 3252 1145 3327 convivia,

126 3338 179 3397 sad
194 3336 283 3398 etiam
296 3339 405 3414 cibum,
420 3343 468 3401 vel
481 3347 585 3418 potum
601 3358 671 3402 oum
684 3339 949 3402 excommunicatis
962 3357 1090 3402 sumere.

163 3431 236 3486 Sunt
244 3433 344 3488 tamen
355 3429 475 3504 quidam
489 3447 576 3490 casus
587 3429 694 3506 injure
707 3429 841 3506 expressi
851 3433 902 3504 (9),
917 3429 949 3489 in
963 3428 1146 3506 quibuslicet

128 3531 197 3575 cum
219 3517 291 3593 ipsis
309 3518 572 3578 excommunicatis
590 3518 715 3580 vitandis
736 3518 964 3580 communicare.
980 3519 1015 3579 lli
1028 3535 1147 3580 casusa

126 3605 302 3669 lloctoribus
328 3605 359 3667 in
379 3607 438 3668 hoc
463 3607 610 3670 versiculo
637 3608 953 3697 mmprelrcuduntur:
979 3609 1063 3680 Utile,
1087 3607 1144 3680 lec,

980 3725 1019 3778 tt.

901 3854 904 3864 ⁴
921 3871 935 3903 t
