2490 4088
437 151 439 156 .
508 160 652 216 ..n-

81 283 176 350 legibus
188 284 320 348 locorum,
337 297 387 348 per
399 295 459 348 quae
474 284 675 347 pertranseunt,
694 283 758 348 quia
770 295 825 334 non
837 285 900 334 sunt
915 281 1027 345 subditi,
1041 283 1095 334 nisi

82 357 129 407 illis
142 369 275 419 expresse,
293 359 341 405 aut
351 355 432 405 tacite
452 369 482 406 se
496 355 653 419 subjiciant,
664 354 748 406 veluti
764 356 786 406 si
800 353 901 406 vellent
914 353 1014 404 ibidem
1029 367 1094 406 cou-

82 431 184 477 traotum
195 427 278 485 inire;
290 441 355 477 nam
371 431 436 477 tuno
450 426 524 490 leges
538 426 591 476 loci
602 426 731 478 deberent
740 429 828 476 actum
844 439 948 490 regere.
964 425 1094 477 Similiter

82 499 198 549 Doctores
211 498 331 558 tradunt,
349 512 404 558 eos,
415 499 461 562 qui
472 511 548 548 esua
558 498 647 562 patria
660 497 819 562 abscedunt,
831 510 885 548 non
901 497 987 548 teneri
1000 511 1016 546 a
1027 509 1091 562 por-

83 569 228 620 ticularibus
242 583 336 620 eorum
351 569 446 634 patriae
463 568 579 632 legibus,
592 569 657 634 quio
679 569 738 618 istae
750 568 823 634 leges
839 571 913 620 extra
927 567 1094 620 territorium

85 640 233 705 legislatoris
249 654 306 691 uon
319 639 510 690 extenduntur.

113 812 153 866 35.
171 813 230 866 Lex
257 825 276 866 a
302 807 456 882 superiore
483 806 662 883 proponitur
677 805 787 866 Christi
801 805 934 880 fidelitas
959 806 1094 882 subditis,

86 898 210 972 ipsosque
223 895 316 955 officit
328 896 541 968 schismaticos,
566 903 596 955 et
614 895 782 970 haereticos,
804 913 866 955 non
879 913 952 955 vero
966 896 1095 972 Judaeos,

87 991 242 1058 saracenos,
265 986 496 1058 llahometanoS,
515 984 648 1059 aliosque
666 1001 807 1059 paganos,
834 985 904 1063 quia
926 984 956 1043 hi
982 1001 1038 1060 per
1055 987 1099 1061 ja·

88 1083 162 1126 ouem
177 1065 318 1140 Baptismi
339 1065 369 1123 in
391 1065 554 1126 Ecclesiam
577 1081 740 1140 numquam
763 1064 890 1141 ingressi
911 1069 980 1124 sunt
996 1084 1003 1124 :
1021 1065 1099 1134 Qoic

89 1155 160 1227 milii,
175 1154 270 1213 aiebat
284 1160 317 1212 li.
334 1155 451 1227 Paulus,
466 1155 500 1213 de
515 1155 561 1226 its,
575 1154 713 1230 quitario
726 1163 806 1227 suot,
815 1155 953 1232 judicare
963 1156 1013 1213 i...
1024 1171 1099 1215 nom

88 1261 133 1316 ros,
145 1245 192 1320 qai
203 1245 278 1318 forts
293 1251 374 1315 sont,
384 1242 530 1317 judicabit
545 1242 622 1301 Deus
637 1245 687 1312 (t).
711 1243 847 1328 Haeretici
867 1260 939 1303 vero
959 1258 1029 1300 cum
1044 1261 1100 1318 per

88 1334 249 1407 Baptismum
261 1331 400 1391 Ecclesiae
414 1332 549 1391 membra
564 1330 624 1390 sint
637 1331 745 1404 eflecti,
770 1334 809 1392 ob
832 1332 953 1392 sceleris
976 1331 1100 1407 turpitu-

89 1421 170 1480 dinem
183 1419 322 1480 Ecclesiae
335 1419 449 1496 legibus
463 1437 497 1480 se
511 1419 679 1479 subducere
693 1428 855 1497 nequeunt,
869 1421 938 1498 quie
957 1436 1046 1480 nemo
1060 1439 1100 1482 ex

89 1528 132 1568 suo
143 1511 247 1570 delicto
267 1510 422 1569 meliorem
441 1509 644 1568 conditionem
656 1526 740 1568 suam
751 1511 849 1571 tacere
870 1515 978 1587 potest.
998 1515 1100 1585 Neque

89 1599 158 1672 juvat
177 1614 322 1671 asserere,
351 1597 508 1657 haereticos
530 1614 597 1658 esse
620 1599 789 1658 membraa
812 1617 939 1676 corpore
961 1600 1100 1660 Ecclesiae

90 1687 204 1746 abscissa
219 1707 225 1745 :
241 1703 312 1745 nam
326 1686 366 1745 ite
376 1688 566 1762 appellantur
575 1689 675 1762 quoad
687 1689 940 1763 communionem,
953 1706 1015 1748 non
1026 1705 1099 1749 vero

88 1777 172 1850 quoad
185 1777 409 1848 characterem3
425 1775 486 1851 qui,
498 1776 524 1834 si
535 1781 759 1852 convertantur,
772 1785 886 1854 queunt
899 1779 996 1853 altius,
1009 1794 1100 1855 qnam

88 1864 131 1932 alii,
142 1865 170 1923 in
183 1867 294 1925 coelum
309 1864 513 1940 conscendore
528 1868 538 1936 (
558 1871 578 1939 ).
607 1901 609 1904 -

112 2013 143 2078 (l)
156 2014 170 2063 Ι
182 2013 215 2064 ad
226 2013 328 2064 corint.
339 2013 363 2062 5.
379 2039 409 2048 -
426 2013 462 2077 (i)
476 2011 653 2064 Reiffenstuel
667 2013 700 2065 de
710 2014 814 2066 constit.
829 2027 857 2065 n.
868 2014 924 2066 tlt.
938 2015 993 2066 Lex
1012 2014 1099 2067 eccle·

89 2083 181 2135 siastice
204 2085 273 2149 ipsis
294 2084 431 2148 supremis
451 2083 655 2148 Magistratibus
675 2086 703 2134 et
731 2085 904 2150 Principibus
926 2085 1096 2150 proponitur.

88 2153 152 2206 Unde
160 2155 277 2207 loannes
287 2157 364 2220 Papa
376 2155 482 2206 aiebat:
497 2149 529 2206 St
537 2153 694 2217 Imperator
702 2155 846 2208 catholicus
854 2158 901 2219 est,
909 2156 982 2221 filim
991 2161 1101 2222 estnon

88 2226 168 2287 presel
178 2225 306 2278 Ecclesia.
321 2224 396 2291 Quod
408 2225 445 2276 od
463 2225 622 2289 religionem
647 2226 901 2291 competitorem
919 2228 944 2280 ei
964 2227 1099 2292 oornpettt,

89 2308 131 2346 ron
140 2297 258 2348 docere...
271 2296 340 2348 Deos
354 2296 428 2348 enim
441 2295 537 2359 voluit,
554 2297 643 2349 saculi
657 2301 807 2362 potestates,
821 2299 846 2350 ri
857 2297 946 2364 fideles
959 2303 1032 2364 suot,
1046 2297 1098 2352 Ec·

89 2365 156 2420 etsie
168 2381 220 2420 sue
232 2367 414 2422 sacerdotibus
427 2381 479 2420 esse
488 2367 631 2435 subjectos.
650 2369 716 2420 Gon.
732 2369 771 2434 ll,
787 2369 849 2421 dist.
862 2371 902 2421 96.

115 2555 154 2612 36.
173 2559 234 2614 Lex
256 2553 346 2613 dehet
368 2569 435 2612 esse
457 2553 584 2614 subditis
602 2553 793 2633 dcoonotora,
818 2555 867 2616 vel
888 2555 1098 2632 promulgata:

89 2655 145 2700 nam
163 2660 234 2703 vere
252 2644 303 2702 lex
322 2641 488 2716 intimatur,
513 2659 583 2702 cum
606 2645 823 2719 promulgatur,
847 2651 877 2704 et
898 2644 1012 2721 culpari
1038 2661 1100 2704 non

89 2739 208 2806 posunt,
223 2732 275 2807 qui
287 2731 460 2807 ignorantes
474 2746 541 2792 eam
553 2731 675 2792 violant.
695 2731 843 2794 lntimatio
856 2750 918 2793 non
939 2732 1101 2808 requiritur

90 2819 223 2894 adamae,
237 2821 291 2880 sed
306 2821 424 2894 sufficit,
439 2826 474 2880 ut
488 2819 554 2896 quis
567 2820 651 2892 sciat,
665 2821 762 2898 legem
784 2821 956 2883 solemniter
977 2821 1098 2897 editam,

89 2915 129 2968 aut
139 2910 256 2985 publice
270 2910 505 2985 promulgatam
520 2915 551 2970 et
568 2909 597 2968 in
612 2910 678 2986 lege
694 2909 894 2971 ecclesiastice
908 2911 1041 2986 generali
1052 2910 1098 2970 in-

89 2999 190 3058 terdum
205 2997 405 3075 promulgatio
419 2998 450 3057 in
463 3015 643 3074 unaquaque
652 2998 813 3074 provincia,
824 3006 855 3060 et
866 2997 1096 3073 dioecesiflt(t);

89 3104 119 3145 on
137 3089 212 3164 stylo
233 3103 308 3146 vero
328 3086 421 3146 Curiae
433 3093 550 3146 tantum
561 3091 661 3147 ltomae
673 3104 729 3164 per
741 3088 916 3149 affixionem
941 3088 979 3148 ad
996 3089 1099 3148 valvas

88 3176 201 3238 Basilice
214 3181 264 3237 SS.
275 3177 493 3252 Apostolorum,
507 3182 537 3236 et
550 3177 580 3236 in
596 3178 659 3238 acie
674 3179 772 3256 compi
786 3180 887 3254 Florae,
901 3195 961 3254 quo
972 3193 1044 3238 casu
1058 3195 1097 3238 ex

89 3267 271 3328 communiori
290 3271 452 3328 Doctorum
478 3267 624 3328 sententia
653 3269 751 3331 adhuc
779 3285 883 3331 omnes
905 3267 1096 3328 fidelesobli-

88 3361 183 3430 gan).

115 3449 169 3504 lex
191 3445 395 3506 ecclesiastica
412 3446 600 3522 promulgata
624 3464 663 3508 ex
681 3465 715 3508 se
731 3446 793 3508 vim
819 3446 910 3506 habet
935 3445 1094 3523 obligandi,

90 3533 215 3612 nillaque
235 3540 282 3594 est
302 3551 379 3613 opus
401 3535 514 3613 populi,
539 3541 590 3594 aut
603 3536 744 3613 fidelium,
759 3541 810 3596 aut
821 3534 978 3613 potestatis
990 3535 1094 3611 civilis,
