2490 4088
472 189 628 245 -tol-

57 307 135 360 litteris
147 309 225 360 debet
237 308 421 360 transmittere
435 310 632 360 attestationem
649 307 751 360 Vicerii
767 287 919 370 Generalis,
936 307 979 358 vel
993 307 1065 360 Gan·

57 381 140 430 cellarii
157 381 293 444 Episcopi,
309 393 362 446 que
380 381 546 442 declaretur,
567 380 763 430 ordinationem
777 392 826 443 pro
845 392 876 430 eo
899 385 1018 445 ternpore
1037 379 1066 432 in

57 451 148 502 diecesi
162 465 215 503 non
227 451 335 502 heberi.
354 452 413 503 Bul.
427 449 553 520 Impositi
567 450 642 503 nolis
656 450 796 502 Benedicti
810 449 885 510 xlv.

81 631 119 687 ll.
132 628 250 700 Quoties
274 628 375 704 itaque
397 643 486 688 cesus
509 626 557 702 sit,
573 643 634 703 quo
655 627 703 687 vel
722 628 886 703 Episcopus
902 624 1065 708 ordinatio-

58 732 109 774 nem
122 723 220 778 tenere
239 733 300 776 uon
318 718 426 791 valeat,
446 721 496 776 eut
514 714 684 792 qnempiam
704 715 843 792 expediat
864 715 902 775 ab
920 723 1065 777 extraneo

58 805 182 882 Episcopo
204 805 345 880 ordinari,
368 805 480 882 proprii
498 804 636 880 Episcopi
659 803 778 864 licentia
803 803 924 864 omnino
938 803 1064 882 requiri·

58 898 100 966 tur,
118 913 204 971 quam
217 895 384 956 concedere
407 896 482 955 solet
496 911 551 971 per
566 894 700 968 Litteras,
720 911 795 971 ques
808 893 995 954 Dimissorias
1009 911 1064 971 ap·

59 983 205 1058 pelanus).
223 988 296 1043 Cum
315 1001 388 1043 voro
403 984 490 1043 sedes
509 982 687 1060 episcopalis
700 987 797 1056 vacet,
812 981 915 1057 nequit
933 981 1063 1043 vicarius

59 1066 204 1146 opitularis
228 1072 411 1132 dimissorias
431 1072 610 1145 concedere,
633 1071 690 1131 nisi
713 1076 781 1147 post
802 1086 915 1130 annum
934 1076 1064 1132 amone

60 1159 182 1236 Episcopi,
197 1168 248 1221 aut
265 1161 355 1221 etiam
368 1161 445 1220 inira
458 1177 579 1234 annum,
603 1159 747 1236 siagetur
761 1159 798 1219 de
812 1157 934 1219 arctous
947 1158 1064 1220 ratione

59 1246 185 1321 beneticii;
194 1255 224 1309 at
239 1250 369 1310 vicarius
383 1248 557 1326 capitularis
568 1254 668 1325 potest
676 1250 789 1309 litteras
802 1246 1015 1308 testimoniales
1025 1248 1064 1308 de

60 1343 135 1409 etate,
148 1344 176 1397 et
189 1340 324 1399 moribus
343 1338 460 1399 clericis
482 1338 649 1398 concedere
671 1337 760 1398 etiam
773 1335 851 1396 inire
866 1335 996 1412 primum
1010 1351 1064 1394 en-

60 1435 122 1498 nam,
135 1427 201 1502 quia
214 1427 261 1487 his
273 1427 376 1487 litteris
390 1444 451 1488 non
466 1429 618 1487 confertur
639 1433 783 1486 extraneo
801 1424 949 1501 Episcopo
963 1422 1063 1484 clerici

61 1511 195 1576 dioecesani
222 1515 379 1576 ordinandi
407 1523 550 1592 potestas,
576 1515 630 1576 sed
648 1515 688 1576 illi
712 1520 827 1575 tantum
848 1512 975 1575 clericus
998 1513 1064 1588 ipse

61 1605 272 1680 commendatur,
296 1613 326 1666 et
344 1605 411 1666 ideo
427 1607 615 1683 appellantur
629 1604 717 1665 etiarn
733 1604 850 1666 Litterae
870 1601 1061 1664 commende-

61 1689 122 1751 titiae.

85 1831 112 1897 (l)
123 1833 284 1886 Dimissoriaa
298 1833 394 1886 litterae
408 1833 463 1884 illae
479 1832 607 1885 dicuntur
618 1832 718 1899 quibus
731 1832 766 1884 ah
782 1832 926 1888 ordinario
940 1832 1062 1884 cuicum·

62 1905 222 1971 quoepiscopo
235 1906 364 1958 catholico
374 1905 590 1956 communionem
600 1903 627 1955 S.
642 1904 720 1955 Sedis
728 1905 889 1968 Apostolicae
899 1903 1010 1956 habenti
1018 1902 1064 1954 de·

63 1973 267 2041 legaturpotestcs
282 1977 424 2028 ordinandi
438 1976 586 2027 subditum.
601 1975 652 2026 Hae
662 1974 760 2026 litterae
778 1977 915 2027 continent
929 1976 1011 2026 etiem
1021 1980 1061 2025 te-

63 2047 201 2098 stimoniales
211 2047 245 2098 de
258 2047 433 2113 qualitatihus
446 2053 472 2098 et
481 2047 589 2097 dotibus
597 2046 631 2096 ed
639 2046 748 2098 ordines
759 2047 926 2110 recipiendos
940 2057 1064 2098 necesse·

64 2117 218 2182 riis,querum
232 2119 361 2169 lormulus
374 2117 483 2168 exhibet
492 2118 613 2168 Barbose
622 2119 651 2167 in
662 2131 711 2169 suo
723 2117 891 2168 Formulerio
906 2115 1063 2181 episcopali.

63 2212 84 2224 -
92 2188 119 2252 (i)
128 2191 225 2242 Arcteti
240 2196 328 2241 eutem
339 2189 474 2251 dicuntur,
484 2189 531 2253 qui
541 2188 699 2239 beneficium
711 2188 925 2238 ecclesiasticum
937 2187 1060 2238 obtinue-

64 2261 175 2311 nursiae
189 2260 283 2311 ordine
296 2260 459 2321 necessario,
473 2273 553 2324 quem
565 2259 666 2310 debent
678 2259 749 2309 inira
763 2272 863 2309 annum
880 2257 954 2308 adle
968 2269 1060 2308 susce·

64 2328 90 2390 pti
99 2330 212 2382 beneficii
226 2331 348 2382 obtinere
355 2348 363 2392 ;
384 2336 414 2382 ut
436 2331 459 2380 si
478 2330 593 2382 clericus
606 2344 660 2380 non
674 2330 801 2380 sacerdos
824 2328 958 2394 parochus
977 2328 1064 2378 lactus

64 2399 95 2460 sit,
103 2401 175 2453 dehet
189 2403 260 2453 inire
280 2416 379 2453 annum
394 2401 573 2452 secerdotium
587 2402 709 2454 obtinere
729 2400 808 2452 aliter
823 2413 839 2451 a
853 2398 1004 2466 parochiali
1016 2399 1064 2458 he·

64 2471 134 2523 reticio
149 2473 226 2524 cedit.
241 2474 315 2525 Trid.
330 2474 402 2524 Sess.
417 2475 479 2536 ⁶1,c.
498 2473 535 2537 10,
550 2473 584 2524 de
601 2473 651 2524 rel.
998 2499 1000 2504 ·

88 2643 122 2698 ti.
136 2645 267 2702 Potestas
279 2641 379 2718 itaque
393 2641 543 2702 ordinarie
551 2639 706 2717 Episcopis
717 2655 861 2700 concessa
869 2637 1064 2714 promovendi

64 2726 271 2803 adolericatum,
285 2736 314 2790 et
327 2731 366 2790 ad
379 2729 499 2790 ordines
511 2727 701 2805 restringitur
714 2728 752 2787 ed
761 2726 900 2804 proprios
918 2725 1063 2800 subditos,

66 2816 303 2892 ctsipraesumant
318 2820 429 2879 alienos
451 2818 585 2878 subditos
598 2832 788 2893 promovere,
810 2833 828 2874 a
849 2819 878 2875 S.
900 2813 1065 2874 canonibus

65 2907 125 2973 gravi
140 2909 307 2982 plectuntur
330 2925 421 2982 poena
438 2925 444 2966 :
461 2923 532 2966 narn
551 2905 725 2982 Episcopus,
748 2902 799 2978 qui
819 2903 948 2962 alienum
962 2900 1065 2960 subdi·

67 2995 109 3052 tum
120 2996 178 3056 sine
193 2992 367 3056 dimissoriis
388 2995 433 3055 sui
444 2994 587 3056 ordinarii
603 2994 743 3067 scienter,
758 3009 812 3052 seu
828 2994 965 3052 affectata
978 2989 1065 3065 igno·

65 3083 145 3158 rectia,
160 3087 203 3146 vel
219 3085 277 3144 alio
292 3085 416 3160 quaesito
442 3086 544 3144 colore
562 3083 689 3156 ordinat,
704 3087 840 3142 remanet
852 3097 906 3156 per
920 3094 1064 3138 arnume

65 3171 195 3234 collatione
207 3173 346 3234 ordinum
362 3173 427 3249 ipso
436 3174 504 3248 jure
525 3189 702 3249 suspensus,
720 3178 749 3232 ct
764 3170 881 3230 insimul
900 3183 1064 3244 suspensus

65 3263 215 3338 nanetipse
240 3261 393 3322 ordinatus
412 3262 450 3320 eh
477 3260 590 3321 ordinis
617 3261 730 3337 recepti
757 3257 910 3329 exercitio,
934 3257 1064 3316 doneoe

64 3350 161 3424 lroprio
185 3352 331 3428 Episcopo
359 3352 540 3426 absolvatur,
566 3357 596 3410 et
619 3349 731 3411 ordinis
754 3345 867 3424 recepti
890 3343 1064 3406 exercitium

65 3433 172 3500 obtineat
184 3445 235 3513 (l).

86 3580 114 3646 (l)
125 3585 193 3640 Trid.
211 3588 283 3642 Sese.
306 3590 347 3657 23,
362 3605 385 3647 c.
401 3591 425 3657 8,
441 3590 475 3647 de
492 3589 541 3646 rei.
556 3589 583 3642 Si
606 3588 667 3654 quis
683 3587 803 3640 recurret
816 3583 852 3637 ed
866 3584 894 3637 S.
909 3582 1061 3649 Congrege-

940 3675 963 3725 6.
