2490 4088
405 56 418 98 0

592 205 624 219 -
643 177 678 234 78
699 205 731 218 ..

90 271 96 286 ¹
148 303 247 381 parari
264 303 317 375 (d),
336 307 366 361 et
381 299 572 378 probabiliter
589 299 679 360 etiarn
694 283 746 374 qui
766 295 1001 374 percussionem,
1017 293 1066 354 vel
1080 293 1175 355 oden-
1230 257 1231 270 ἵ

148 391 403 467 sionempoterat,
419 396 449 452 et
462 389 625 467 exjustitia
640 388 768 451 debebat
788 384 943 462 impedire,
958 389 992 444 ut
1010 385 1056 444 es't
1066 382 1181 459 judex,

147 480 298 556 praelutus,
311 479 470 556 parochus,
484 485 579 555 pater,
596 484 685 552 tutor,
701 481 732 537 et
743 492 804 535 uon
818 472 971 550 impedivit
985 475 1036 546 (0).

182 573 204 630 E
218 585 364 630 converso
377 585 440 628 nox
450 567 552 628 incidit
564 566 595 627 in
609 581 764 638 canonem,
781 564 831 641 qrri
840 562 983 624 clericum
992 560 1125 638 percutit
1136 574 1178 621 ex

146 658 266 719 levitate
275 659 389 732 iocosa,
410 663 461 717 aut
473 656 588 717 ratione
602 655 702 730 officii,
716 661 746 715 et
763 653 859 730 matis
879 650 1087 726 correctionis,
1101 655 1138 710 ut
1152 649 1178 709 si

147 753 252 824 agatur
265 746 303 807 dc
316 745 450 822 praelato,
468 744 622 821 magistro,
640 750 735 821 patre,
755 749 807 802 ant
825 742 889 803 aliis
905 741 1059 816 similibus,
1080 740 1178 801 modo
1232 755 1233 784 ³

146 835 177 895 in
195 835 373 912 corrigendo
394 852 456 895 uon
470 835 508 895 sit
521 850 665 896 excessus
679 837 730 908 (l).
751 832 822 904 Quia
845 829 1014 908 hujusmodi
1027 845 1179 906 pecusso-

146 941 277 986 resnou
304 929 406 1001 agunt,
431 925 575 985 suadente
601 923 732 998 diabulo,
756 939 854 999 neque
875 918 1005 982 occurrit
1026 917 1179 995 sacrilegii

145 1019 260 1088 reatus3
275 1014 347 1074 item
357 1013 408 1092 qui
421 1013 699 1090 clericumpercutit
713 1028 803 1072 cansa
813 1009 995 1071 defensionis
1009 1007 1176 1084 suiipsius,

145 1119 247 1164 rerum
260 1119 391 1177 suarum,
407 1109 459 1164 aut
476 1103 522 1163 sui
536 1103 669 1177 honoris,
690 1101 780 1163 modo
796 1099 950 1177 percussio
964 1099 1015 1158 flat
1030 1097 1058 1157 in
1076 1097 1178 1157 cond-

146 1191 228 1252 uenti
241 1192 431 1266 detensionis,
447 1193 604 1252 observato
617 1191 820 1253 moderamine
834 1187 993 1264 inculpatae
1006 1187 1104 1246 tutelae
1121 1190 1177 1261 (8),
1234 1211 1235 1242 1

146 1281 215 1358 quis
234 1281 295 1341 vim
308 1280 338 1340 vi
350 1283 495 1358 repellere
507 1281 607 1342 omnnia
617 1283 685 1357 jura
699 1280 815 1352 sinuut;
837 1283 867 1338 et
887 1275 1020 1338 similiter
1034 1275 1086 1352 qui
1102 1291 1177 1352 per·

146 1371 219 1432 cutit
239 1370 381 1431 clericum
394 1387 455 1431 non
468 1369 601 1448 agnitum
622 1377 655 1430 ut
675 1369 828 1442 clericum,
848 1372 900 1428 aut
921 1367 961 1426 ob
978 1365 1177 1442 reprobatam

145 1458 253 1536 agendi
265 1459 411 1520 rationem
422 1459 479 1520 fori
492 1459 646 1538 privilegio
657 1457 787 1536 legitime
801 1455 951 1535 privatum
965 1457 1016 1528 (9).

178 1663 212 1729 (l)
221 1662 286 1714 Gau.
300 1661 340 1726 19,
355 1675 378 1714 c.
391 1661 429 1728 tr,
443 1676 471 1728 q.
482 1661 506 1716 4.
521 1661 600 1714 Ratio
612 1661 696 1729 hujus
709 1662 819 1715 canonis
832 1661 862 1714 lu
879 1675 910 1714 ec
929 1663 980 1727 est,
993 1659 1065 1728 quod
1079 1659 1175 1713 clerici

146 1737 210 1788 sunt
222 1741 407 1800 personae'per
421 1746 512 1786 sacres
525 1732 633 1786 ordines
651 1733 707 1786 Deo
724 1733 835 1798 dicatae,
855 1733 889 1786 de
908 1733 1009 1799 quibus
1021 1733 1083 1798 ipse
1099 1731 1176 1784 Deus

145 1804 283 1858 mandevit
293 1823 300 1854 :
310 1801 397 1858 Notttc
412 1808 520 1870 tenpore
533 1803 649 1858 onustos
660 1817 741 1858 mcor.
756 1805 830 1858 Psal.
843 1803 897 1868 rol,
907 1805 972 1870 quia
986 1805 1034 1871 qui
1050 1817 1099 1856 eos
1110 1802 1174 1858 tctr'-

145 1877 224 1944 gerit,
235 1875 323 1942 tangit
335 1874 467 1942 pupillum
481 1876 550 1930 ocuti
561 1876 623 1930 utri.
638 1876 719 1928 Zach.
732 1876 756 1926 2.
770 1875 810 1928 Ex
825 1889 878 1942 quo
893 1875 1072 1942 dignoscitur,
1088 1887 1174 1942 quam

145 1948 216 2001 malo
234 1962 263 2000 se
277 1951 372 2012 gerent
385 1947 439 2009 illi,
454 1948 500 2013 qui
519 1948 570 1999 sub
589 1951 721 2012 praetextu
739 1946 903 2012 {equalitatis
916 1945 1033 2010 socialis,
1047 1951 1076 1998 et
1095 1950 1174 1998 tran·

146 2019 288 2087 quillitatis
300 2018 457 2084 reipublicae
467 2017 521 2070 uon
531 2023 658 2074 verentur
669 2032 718 2070 sua
731 2022 835 2069 tantum
845 2017 1004 2070 auctoritate
1017 2017 1044 2067 in
1057 2016 1174 2070 clericos

145 2105 243 2143 munus
260 2091 411 2155 immittere,
422 2103 521 2155 eosque
535 2090 777 2156 poenissubjicerc.
792 2089 903 2142 Utinam
915 2090 944 2141 hi
959 2091 1173 2144 reminisceren-

145 2167 191 2214 tur
208 2177 306 2228 poeuae,
320 2166 348 2213 et
359 2159 554 2228 obiurgationis'
572 2161 646 2214 illius
657 2161 766 2226 juvenis
778 2161 945 2226 Amelecitae,
960 2176 1042 2227 quem
1056 2162 1175 2214 coniecit

145 2234 233 2297 David
247 2234 355 2285 dicens:
369 2231 456 2298 mucre
465 2244 521 2284 nou
534 2230 651 2286 timuisti
663 2231 770 2284 mittere
779 2244 892 2285 manum
901 2234 986 2296 tuom,
997 2236 1029 2286 ut
1038 2232 1174 2286 occideras

105 2339 121 2366 .
146 2303 283 2358 Obrtrtum
295 2302 406 2356 Domini
415 2305 427 2356 1
442 2302 459 2354 2
474 2303 593 2368 Reg.,-c.
611 2304 633 2354 1.
654 2302 764 2355 Utinam
781 2303 1027 2368 commiscerentur,
1040 2317 1173 2358 cunonem

145 2377 314 2445 praecitatum
327 2375 412 2426 luisse
424 2374 556 2426 sancitum
569 2375 604 2425 ab
618 2374 773 2426 Innocentio
782 2373 819 2438 ΙΙ,
831 2374 857 2425 iu
869 2375 980 2426 concilio
995 2375 1174 2429 Laterenensi

145 2448 183 2509 II,
201 2447 235 2498 ad
255 2447 383 2498 tutandas
397 2445 556 2497 clericorum
574 2458 705 2509 personas
724 2448 816 2503 contra
836 2444 997 2498 diabolicam
1019 2447 1173 2499 doctrinam

146 2518 261 2572 Arneldi
274 2533 290 2570 a
307 2517 408 2580 Brixia,
421 2517 468 2582 qui
479 2515 514 2567 ad
527 2517 639 2570 clericos
652 2517 798 2582 vexandos,
813 2520 840 2569 et
854 2518 1074 2570 exterminandos
1085 2532 1172 2585 popu·

145 2590 203 2642 lum
223 2576 362 2652 incitabat,
384 2589 463 2654 cujus
484 2588 640 2652 pestiferam
662 2587 810 2651 doctrinam
832 2587 963 2642 luctuosis
978 2589 1055 2642 hisce
1071 2591 1173 2642 uostris

146 2660 313 2726 temporibus
326 2660 419 2726 plures
429 2673 462 2710 ex
472 2673 564 2711 rerum
577 2660 748 2726 publicarum
763 2660 922 2724 rectoribus,
934 2661 1045 2727 plurimi
1065 2663 1093 2714 iu
1104 2663 1172 2715 civi·

146 2731 220 2784 libus
232 2730 327 2783 officiis
335 2731 550 2795 magistratuum,
561 2733 770 2796 praeceptorum,
781 2731 979 2795 advocatorum,
992 2732 1172 2798 medicorum,

147 2805 209 2867 etc,
223 2806 250 2854 et
263 2815 355 2854 omncs
374 2801 508 2854 damnatis
522 2803 602 2854 sectis
617 2801 717 2854 addicti
732 2803 899 2868 profitentur,
919 2803 996 2870 quasi
1006 2807 1067 2870 jam
1082 2805 1172 2856 immi-

146 2877 243 2926 nerent
259 2878 379 2925 extrema
390 2874 465 2926 orbis
476 2878 608 2939 tempora.
623 2873 697 2924 Proh
714 2873 804 2924 dolorl
818 2879 918 2941 quauta
934 2875 1056 2942 nequltia
1071 2877 1173 2929 Christi

147 2945 286 2997 ministros
298 2943 401 2996 crudeli
415 2945 602 3011 persecutione
613 2944 732 2998 vexaret
742 2944 815 3011 -(1)
824 2945 888 3012 Gap,
902 2946 933 2998 13
942 2947 976 2999 de
986 2951 1055 2998 sent.
1067 2961 1171 3001 excom.

147 3043 178 3055 -
192 3015 226 3081 (3)
243 3015 319 3068 Actio
333 3017 446 3068 externa
461 3015 592 3082 injuriosa
611 3021 653 3068 est
672 3015 772 3068 nedum
791 3019 929 3083 percussio
948 3031 1054 3082 manus,
1068 3019 1173 3084 baculi,

147 3091 195 3140 aut
211 3087 294 3154 gladii
304 3104 312 3147 ς
324 3086 426 3138 nedum
447 3086 516 3140 ictus
535 3087 626 3153 pedis;
636 3087 684 3139 sed
702 3087 783 3139 etium
799 3088 826 3137 iu
842 3088 939 3141 taciem
951 3089 1042 3142 clerici
1059 3103 1172 3156 spuere,

147 3159 271 3212 scindere
279 3159 339 3223 elus
348 3162 446 3223 vestes,
456 3172 518 3210 eum
528 3173 599 3228 aqua
608 3160 785 3222 madefacere,
796 3163 843 3212 aut
856 3160 1002 3213 immundis
1015 3175 1171 3227 aspergere,

147 3230 228 3282 immo
239 3233 266 3282 et
278 3231 338 3295 ejus
349 3229 465 3282 cadaver
474 3230 602 3296 intur-iore
612 3234 736 3282 tractare.
744 3227 860 3298 Philllps
870 3231 903 3285 de
909 3233 1035 3299 jureccl.
1045 3233 1064 3284 l.
1078 3236 1101 3298 l,
1110 3235 1123 3298 ξ
1131 3233 1171 3286 60.

147 3301 213 3366 -(1)
220 3300 303 3354 Glem.
312 3297 409 3367 Siquis
420 3300 454 3353 de
464 3301 605 3367 prem-(5)
615 3302 681 3368 Gap.
690 3300 959 3366 taraconensem.
968 3305 1171 3370 inu-(tneor).

147 3372 187 3436 47,
199 3373 233 3424 de
247 3376 316 3426 seut.
328 3386 431 3426 excom.
442 3399 474 3412 -
486 3373 524 3440 (l)
536 3373 601 3439 (lap.
614 3373 625 3425 1
642 3380 669 3428 et
685 3375 725 3440 ct,
742 3377 801 3430 cod.
810 3403 842 3416 ·-
854 3377 888 3444 (8)
901 3378 966 3443 Gap.
976 3378 991 3430 3
1001 3381 1028 3429 et
1049 3378 1088 3440 10,
1109 3375 1170 3428 sud.

147 3469 178 3482 —
191 3443 225 3508 (9)
240 3444 327 3511 Cepi
341 3448 369 3498 et
379 3445 418 3510 45,
435 3444 495 3498 eod.
509 3445 537 3497 Si
549 3459 611 3498 sero
622 3445 734 3500 dubium
744 3451 789 3514 sit,
800 3462 835 3501 nu
848 3451 1003 3516 percutiens
1012 3462 1076 3502 vere
1092 3449 1172 3516 igno·

148 3514 257 3577 raverit,
272 3529 431 3582 percussum
441 3516 524 3568 luisse
533 3516 671 3577 clericum,
686 3519 721 3572 ab
740 3520 844 3573 adnexa
857 3534 972 3573 censura
986 3519 1130 3583 liberatur,
1146 3519 1170 3570 si

145 3589 226 3664 juret,
240 3599 270 3655 se
282 3600 344 3646 vere
358 3588 507 3668 ignorasse,
515 3589 547 3646 ut
562 3590 690 3652 statuitur
703 3592 731 3653 iu
741 3591 786 3644 cit.
798 3605 856 3670 cap.
867 3592 891 3647 1.
902 3589 1053 3650 onustam
1065 3591 1167 3643 deinde
