2490 4088
473 209 633 266 ..409-

56 328 213 396 maistrare.
225 330 428 407 lrregularitas
441 337 541 392 autem
554 337 600 390 cst
614 330 791 390 canonicum
801 329 1058 406 impedimentum,

56 419 91 477 vel
101 419 238 492 detectus,
254 436 314 494 quo
332 419 398 496 quis
414 422 455 479 ita
468 425 589 479 arcetur
601 419 640 478 ab
655 419 793 478 ordinum
815 417 1015 494 susceptione,
1030 425 1061 479 et

57 507 85 564 ab
95 506 263 566 corumdem
275 508 429 581 exerciti0,
443 515 477 568 ut
496 524 550 568 eos
569 523 668 583 neque
687 506 841 583 suscipere
858 506 948 580 licite,
964 523 1061 583 neque

56 592 117 654 licite
128 595 222 656 valeat
235 612 390 670 exercere,
398 597 469 658 licet
482 602 643 671 utrumque
656 594 753 655 valide
765 594 867 668 taciat3
878 601 908 656 31
922 595 1062 656 dividitur

57 681 79 740 in
92 683 331 759 irregularitatem
344 702 379 746 ec
393 685 506 759 deluto,
521 701 557 745 sc
570 682 818 760 irregularitatem
831 699 869 744 ee
882 685 995 761 defecto
1009 689 1061 759 (l),

58 769 79 828 in
92 770 331 848 irregularitatem
352 773 472 834 totalem
491 778 521 833 et
541 771 663 850 proprie
681 771 800 845 dictam,
824 789 861 832 ac
878 773 1062 848 partialem:

58 859 94 919 113
104 878 121 920 a
131 861 319 937 susceptione
332 861 466 922 omniurn
479 861 628 936 ordinum,
649 875 755 922 eorum
770 859 926 934 exercitio,
942 868 973 923 31
990 879 1064 922 con·

59 955 197 1024 aquenum
211 949 301 1010 etiam
314 949 353 1010 ab
367 949 466 1010 officio
480 955 510 1010 et
523 947 671 1010 beneficio
685 947 834 1022 excludit,
848 949 1064 1011 1333333333-

59 1036 133 1097 cludit
144 1043 260 1100 tentum
277 1055 296 1098 a
313 1037 505 1115 susceptione
522 1037 721 1116 quorumdam
736 1037 885 1113 ordinum,
900 1055 1066 1116 eorumque

59 1125 193 1188 exercitio.
208 1126 328 1201 Totalis,
342 1132 395 1188 aut
416 1125 548 1202 partialis
570 1125 773 1202 irregularitas
792 1142 831 1186 ex
849 1125 924 1203 juris
937 1127 1065 1203 disposi-

61 1212 123 1275 tione
134 1215 240 1290 icmurr
265 1231 335 1276 nam
355 1217 437 1276 nullo
459 1215 550 1275 modo
573 1214 770 1289 contrahitur,
784 1213 841 1274 nisi
855 1231 916 1292 quo
929 1215 1018 1276 luerit
1035 1216 1067 1276 in

59 1303 110 1376 jure
132 1319 279 1382 expressa
295 1308 349 1376 (2).
370 1305 428 1364 sed
447 1303 478 1363 in
497 1320 608 1380 genere
630 1302 831 1380 irregularitas
847 1319 887 1364 ex
901 1303 1022 1380 delicto,
1038 1311 1068 1366 et

62 1405 113 1464 quae
123 1392 266 1468 pracedit
282 1391 395 1453 ordinis
413 1392 635 1469 susceptionem
658 1399 708 1452 cst
721 1391 834 1465 totalis;
850 1407 916 1469 quae
936 1409 1010 1454 vero
1028 1409 1068 1454 ex

62 1477 158 1573 deiectu
170 1480 317 1558 procedit,
336 1480 509 1560 ordinisque
528 1480 750 1560 susceptionem
772 1481 918 1558 sequitur,
938 1488 985 1543 est
998 1498 1068 1560 par-

86 1713 114 1782 (l)
126 1715 187 1784 Gap.
203 1714 233 1770 11
248 1717 281 1772 de
295 1729 373 1786 purg.
387 1729 447 1772 oen
461 1741 494 1758 -·
508 1715 544 1784 (1)
558 1717 622 1786 Cup.
640 1715 678 1783 ts,
693 1715 727 1772 de
740 1719 810 1772 sent.
822 1730 926 1772 excom.
941 1718 971 1772 in
982 1719 1006 1774 6.

89 1903 127 1960 11.
146 1900 222 1962 Olim
234 1901 447 1978 quodcumque
459 1901 583 1976 crimen,
603 1903 652 1964 vel
669 1900 811 1964 delictum
825 1909 985 1966 externum
997 1905 1072 1966 irre·

65 1989 234 2063 guarimari
247 1989 352 2064 daiam
370 1991 481 2052 etenim
494 1990 650 2076 ordinibus
662 1991 872 2052 ecclesiasticis
885 1993 1013 2053 adscribi
1024 1993 1074 2055 ille

64 2083 162 2140 tantum
181 2084 319 2156 poterat,
335 2077 387 2156 qui
410 2095 524 2140 novum
543 2077 696 2141 hominem
713 2077 744 2139 in
761 2079 939 2156 baptismate
957 2097 1074 2142 amum·

65 2171 132 2239 ptum
140 2183 306 2244 numquam
315 2167 516 2244 delinquendo
525 2167 690 2242 dimiseram
698 2169 755 2230 sed
768 2168 927 2244 posteriori
936 2167 1075 2230 Ecclesiae

65 2254 204 2332 disciplina
215 2257 330 2318 tactum
341 2261 399 2330 cst,
409 2263 443 2318 ut
456 2255 580 2318 crimina
592 2257 691 2318 solum
699 2257 775 2333 juris
785 2257 833 2316 rel
843 2255 914 2316 iacti
925 2256 1076 2320 infamiam

66 2343 300 2420 darentiacum
318 2350 422 2406 essent
442 2351 578 2420 externe,
597 2350 813 2418 consummata,
829 2349 860 2405 et
872 2345 902 2403 in
916 2345 999 2421 gravi
1010 2361 1075 2406 ma·

65 2433 126 2493 teria
136 2435 184 2495 vel
197 2433 317 2508 objecto
329 2433 489 2494 commissa
502 2433 749 2510 irregularitatem
758 2439 899 2510 parerent
910 2451 949 2494 ex
957 2435 1075 2512 regilla:

64 2518 218 2596 1313331133
229 2529 320 2600 porta
332 2539 395 2584 aare
407 2529 530 2598 3313331
543 2523 788 2599 dignitatatem).
803 2521 925 2582 Infamia
935 2523 1011 2599 iuris
1024 2523 1078 2584 de-

66 2611 185 2672 cernitur
199 2609 366 2688 specialiter
380 2612 487 2688 alege,
503 2617 534 2672 ct
550 2609 669 2671 infantia
687 2610 758 2671 facti
778 2628 817 2670 cr
836 2609 992 2671 hominum
1012 2612 1077 2672 cxi-

66 2697 224 2761 stimatione
247 2699 402 2776 procedit,
427 2699 475 2762 oui
499 2701 549 2777 jue
574 2699 606 2760 in
632 2716 743 2776 genere
765 2699 865 2760 adhuc
888 2699 1023 2775 adsistit;
1049 2707 1079 2761 et
1141 2777 1143 2782 ,

65 2792 181 2866 unaque
194 2789 244 2850 vel
257 2789 323 2866 ipso
334 2789 423 2864 facto,
436 2789 484 2849 vel
495 2805 550 2865 per
560 2788 668 2864 judicis
678 2787 855 2849 senteutiam
868 2787 1029 2850 inducitur.

91 2951 122 3018 (l)
136 2953 199 3022 dap.
216 2953 257 3019 87,
274 2951 309 3006 de
322 2965 379 3018 reg.
390 2955 447 3019 jur.
460 2951 488 3004 in
501 2953 524 3004 6.

96 3157 158 3215 loo.
174 3153 287 3216 Delicta
300 3153 332 3214 in
344 3153 454 3230 specie,
465 3170 533 3231 quae
540 3153 786 3230 irregularitatem
796 3155 924 3232 pariunt,
936 3155 991 3214 3113
1001 3153 1081 3216 cirea

67 3241 245 3318 religionem,
270 3242 328 3302 alia
351 3243 432 3304 circa
453 3249 662 3316 recremento,
685 3247 715 3303 31
739 3242 797 3302 3113
817 3243 898 3304 circa
918 3245 1082 3304 3331313133

70 3331 295 3392 committuntur.
311 3331 396 3392 Circa
409 3331 595 3408 religionem,
609 3331 652 3390 uti
672 3337 718 3391 est
731 3331 865 3405 simonia,
885 3333 1080 3408 sacrilegium,

68 3418 250 3496 lenocinium,
265 3419 452 3495 adulterium,
465 3421 606 3494 incestus,
621 3419 847 3494 concubinatus,
859 3420 1004 3496 sodomia,
1013 3438 1083 3498 pcr-

67 3507 169 3582 iurium
180 3509 211 3570 in
222 3507 345 3585 jndicio,
356 3509 381 3570 si
391 3509 522 3586 publica,
531 3514 563 3570 et
574 3507 693 3568 notoria
701 3507 770 3584 sint,
780 3507 852 3570 item
864 3509 953 3570 etiam
966 3511 1085 3570 occulta

69 3595 196 3674 haeresis,
214 3604 247 3660 et
261 3597 411 3676 apostasia
431 3615 450 3660 3
468 3599 527 3660 tide
547 3599 599 3674 (l).
619 3601 689 3662 llaec
710 3603 809 3663 tamen
821 3597 1039 3674 hereticorum,
1053 3603 1085 3658 ct
