2468 4090
119 407 177 448 sue
189 393 362 460 professionis
374 392 526 446 nullitatem
535 393 616 460 plene
625 393 750 460 probaro.
761 391 855 446 infore
866 391 994 446 exteriori
1003 394 1134 458 tamqnam

119 465 257 533 professus
270 477 377 532 semper
392 463 517 517 habetur.
532 492 563 503 -
576 465 612 530 (3)
627 465 659 516 Iu
671 464 722 518 hoc
736 477 809 524 casu,
824 465 848 516 si
861 463 973 516 nullites
984 464 1024 515 sit
1036 463 1134 516 occulto

119 537 154 588 sd
167 535 343 602 professionis
355 536 558 588 ratificationem
570 550 624 587 non
633 535 742 588 ridetur
750 535 920 588 necessarius
933 549 1081 587 consensus
1093 549 1134 587 su-

119 607 243 675 perioris,
257 607 322 672 quio
335 607 381 659 illa
394 620 542 660 cousensus
557 612 683 660 censetur
703 606 860 674 perdurare,
875 619 964 671 neque
977 607 1136 658 necessarie

3 669 4 712 i
119 676 295 744 professionis
310 678 487 742 coeremonias,
502 679 567 745 quio
583 678 759 730 illesamissae
773 676 802 728 iu
815 677 980 743 professione
995 677 1135 729 sufiiciunt.

120 746 297 800 Reidenstuel
311 749 345 800 dc
361 749 447 814 regul.
462 763 490 800 n.
511 750 568 801 217.
588 775 620 786 -
633 749 669 816 (t)
687 747 776 800 Minus
798 747 925 800 solemnis
942 747 1074 812 professio
1087 761 1136 799 non

119 819 274 870 nominatur
286 832 303 871 o
314 819 469 882 veteribus;
485 820 533 872 sed
546 819 685 872 inducitur
699 833 716 872 a
731 819 808 872 novis
821 832 903 885 supro
916 819 1005 872 citetis
1015 819 1136 878 decretis,

121 903 183 957 quse
192 889 221 942 in
233 903 299 944 casu
311 889 427 944 videnda
437 896 510 943 sunt.

152 1079 215 1136 220.
235 1077 382 1138 Proiessio
404 1075 546 1138 solemnis
558 1075 655 1136 valide
674 1076 782 1135 emissa
801 1079 911 1151 praeter
930 1073 1139 1150 obligationem

118 1165 157 1225 sd
180 1165 235 1225 tria
256 1165 423 1227 essentialia
446 1171 526 1240 vota,
550 1171 580 1225 et
602 1165 640 1224 ad
660 1165 825 1241 perfectum
845 1163 1005 1240 Religionis
1022 1170 1138 1238 statum,

121 1261 282 1331 sapientes
295 1254 434 1330 pmducit
445 1255 569 1314 effectus
584 1273 591 1313 :
607 1253 755 1313 i⁰inducit
769 1253 852 1330 quasi
864 1258 1054 1312 contractum
1066 1253 1139 1312 inter

118 1344 296 1420 professum,
320 1350 350 1404 et
370 1342 586 1403 monasterium
604 1360 664 1418 quo
681 1343 729 1402 ille
748 1358 871 1418 operam
887 1357 982 1416 suam,
997 1342 1057 1401 hoc
1072 1358 1139 1401 vern

118 1431 254 1491 admenta
269 1432 415 1508 spondet3
433 1437 462 1490 2⁰
475 1430 608 1506 impedit,
625 1447 664 1491 ne
676 1431 897 1491 matrimonium
910 1429 1008 1490 valida
1022 1435 1138 1490 contra·

118 1520 215 1593 hatur,
237 1529 267 1580 ct
286 1520 396 1580 dirimit
417 1520 576 1597 sponsalia,
597 1537 633 1580 ac
647 1518 869 1581 matrimonium
882 1525 980 1579 ratum
990 1519 1055 1594 jam
1068 1535 1139 1578 con-

118 1615 245 1669 tractum
264 1614 322 1682 (l);
345 1614 375 1668 3ο
397 1609 471 1669 tollit
491 1609 738 1686 irregularitatem
758 1626 796 1669 ex
817 1609 934 1668 defectu
947 1607 1091 1668 natalium
1103 1609 1139 1667 ad

118 1699 257 1758 effectum
271 1697 434 1774 recipiendi
447 1699 577 1774 ordines,
590 1715 651 1758 non
663 1700 836 1775 praelaturas
849 1701 900 1771 (ῆς
914 1703 944 1756 4⁰
958 1699 1045 1757 affert
1055 1715 1137 1758 vaca·

119 1785 230 1846 donem
241 1786 466 1861 beneficiorum,
482 1805 548 1864 quas
561 1789 712 1865 professus
725 1787 808 1864 prius
819 1786 948 1847 habebat
961 1791 1013 1859 (τῆς
1030 1791 1062 1862 5⁶
1076 1786 1138 1846 irri-

117 1963 160 2024 ris
174 1963 257 2040 prius
269 1964 387 2040 emissa,
405 1967 496 2026 modo
520 1983 580 2026 nnn
602 1966 660 2025 sint
670 1967 779 2043 iurata,
793 1963 935 2040 usquein
949 1963 1015 2038 ipsa
1028 1964 1141 2040 proles·

119 2053 203 2113 sicne
227 2061 388 2127 reservata,
414 2071 512 2131 neque
534 2057 611 2115 facta
633 2054 664 2114 in
690 2054 769 2115 tertii
790 2054 954 2113 utilitatem.
983 2057 1087 2128 anue
1110 2057 1141 2112 ut

120 2141 291 2218 principalis
304 2147 408 2204 asserti
419 2143 504 2218 ratio,
520 2144 587 2220 quia
607 2161 696 2204 omne
709 2160 787 2219 opus
799 2142 912 2202 bonum
926 2141 957 2205 in
971 2139 1138 2216 particulari

116 2236 178 2292 lieo
192 2231 372 2308 promissum
385 2232 549 2294 eminenter
561 2233 592 2292 in
610 2231 794 2309 professione
806 2230 945 2306 religiosa
959 2230 1142 2305 eontinetm,

118 2337 172 2396 per
196 2337 286 2396 qnam
310 2322 454 2397 profitens
475 2339 518 2397 se,
545 2328 575 2382 ct
597 2321 696 2382 omnia
717 2339 771 2381 sua
791 2327 852 2381 lieo
873 2319 995 2380 dedicat.
1013 2319 1143 2381 morien

119 2409 213 2484 priori
237 2408 314 2482 vitae,
337 2416 367 2470 ct
391 2409 463 2470 nihil
488 2427 526 2470 nc
551 2409 703 2486 propriam
728 2410 848 2486 quidem
873 2410 1061 2469 voluntatem
1090 2405 1140 2469 sibi

126 2498 351 2570 reservarem}

157 2591 303 2647 Praeterea
319 2587 348 2646 in
360 2587 421 2646 vim
431 2587 625 2663 professionis
637 2587 778 2646 solemnis
792 2587 945 2663 professus
955 2588 988 2646 lit
997 2587 1143 2664 particeps

123 2675 255 2734 omnium
276 2674 495 2751 privilegiorum
518 2676 716 2751 [tegolariam
736 2683 769 2734 ut
788 2693 824 2735 ea
845 2683 924 2750 sunt,
946 2693 1013 2752 quae
1036 2674 1144 2737 eisdem

123 2781 274 2838 concessa,
287 2770 318 2823 et
330 2765 505 2825 confirmata
517 2765 637 2825 fuerunt
647 2764 748 2824 inhul.
761 2764 919 2840 Rapinaiais
933 2764 1007 2825 Sinti
1020 2769 1069 2839 lv,
1083 2780 1143 2841 quae

123 2853 214 2928 vulgo
228 2869 310 2912 mare
323 2868 465 2928 magnum
479 2855 653 2929 appellatur.
665 2857 743 2912 lnter
755 2853 820 2912 haec
832 2853 1016 2930 praecipuum
1030 2860 1078 2914 ast
1088 2851 1144 2930 pri-

123 2940 262 3018 vilegium
282 2941 494 3018 exemptionis
520 2959 579 3016 qun
596 2941 639 3015 fit,
659 2948 692 3000 ut
716 2958 822 3001 eorum
839 2941 1055 3002 monasterium
1069 2941 1105 3002 sit
1115 2940 1141 3000 in

124 3031 273 3090 territorio
286 3031 377 3090 veluti
393 3031 501 3090 nullius
519 3030 670 3103 dioecesim
686 3030 813 3106 ideoque
831 3031 1018 3091 subtractum
1030 3049 1050 3090 a
1059 3029 1144 3107 juris-

123 3118 261 3192 dictione,
281 3125 311 3178 et
324 3120 418 3194 alege
437 3118 940 3195 dioecesanaepisccpi31ieetolim
959 3125 1021 3178 tam
1042 3134 1142 3180 mona·

123 3207 180 3280 chi,
193 3224 283 3284 quam
296 3207 475 3268 monasteria
488 3214 588 3268 essent
599 3207 740 3284 episcopo
755 3207 926 3268 dioecesano
941 3209 1064 3268 omnino
1078 3208 1142 3268 sub-

116 3296 206 3372 jecta.
220 3297 276 3356 Sed
291 3297 356 3356 haec
372 3297 521 3374 exemptio
536 3304 641 3371 cessat,
658 3297 683 3356 si
704 3303 809 3374 agatur
824 3297 862 3357 dc
877 3296 977 3373 parvis
991 3295 1142 3358 conventi-

118 3384 175 3444 bus
192 3388 249 3457 (5);
266 3385 338 3444 item
352 3385 430 3446 dicta
449 3384 599 3461 exemptio
614 3392 711 3446 cessat
728 3387 758 3444 in
780 3385 914 3462 pluribus
931 3383 994 3446 aliis
1018 3387 1140 3456 casibus

123 3472 161 3533 de
175 3474 283 3549 quibus
296 3491 353 3534 nos
374 3491 465 3550 supra
478 3475 576 3550 aliqua
586 3475 648 3551 jam
665 3475 824 3551 attigimus,
840 3481 869 3536 et
882 3481 1027 3536 Doctores
1041 3473 1139 3537 suisin

121 3563 393 3638 locisloquuntur(
413 3567 434 3635 ).
781 3597 790 3632 r

158 3649 289 3726 uanique
299 3651 330 3712 iu
345 3650 405 3715 vim
418 3651 610 3727 professionis
622 3653 762 3719 solemnis
775 3655 928 3734 professus
941 3654 1048 3722 amittit
1060 3669 1137 3734 quae⁴
