2490 4088
599 158 760 214 -lac-

155 295 260 351 scopas,
283 283 311 332 et
332 291 424 332 omnes
438 279 617 332 ferventiores
633 279 736 341 fideles,
753 278 798 344 qui
815 263 958 330 u'nanimas
969 280 1094 331 eamdem
1111 279 1211 344 regni

154 353 312 420 temporalis
337 352 526 404 necessitatem
540 355 717 416 agnoverunt,
733 357 759 402 et
773 351 888 417 professi
903 355 974 402 suut.
991 351 1123 402 Plurimae
1148 365 1211 416 pro

162 422 195 479 e'a
204 424 364 476 necessitate
377 422 542 474 adstruenda
555 423 583 474 in
606 423 693 474 lucem
704 422 862 486 prodierunt
873 422 1103 487 eloquentissima
1114 424 1209 474 lucu-

159 498 308 557 brationes,
332 494 478 559 exquibus
500 494 594 546 eadem
617 495 764 545 necessitas
788 493 904 544 marimo
923 493 966 544 his
981 494 1210 546 luctuosissimis

162 566 330 632 temporibus
357 564 495 616 evidenter
518 565 730 616 demonstratur.
755 564 928 615 Providentia
948 578 1014 615 sune
1034 565 1134 615 diviua
1155 579 1208 616 sa·

163 637 332 705 pientissime
349 636 492 700 disposuit,
508 640 538 686 ut
561 636 666 700 Papae
688 635 781 686 decem
790 638 848 700 jam
861 635 969 687 saeculis
990 637 1140 700 temporali
1160 651 1208 687 re-

163 721 215 775 gno
230 709 361 760 adversus
375 707 495 758 infernas
508 711 598 758 sectas
619 709 781 768 muniretur,
797 720 882 771 eoque
904 707 1058 770 spiritualis
1071 721 1135 758 suae
1152 721 1209 772 po-

166 780 272 832 testatis
282 779 449 830 munimento
462 779 608 839 frueretur,
625 779 690 842 quia
709 791 819 829 necesse
836 780 878 828 esi
893 783 923 828 ut
936 779 1011 845 Papa
1025 781 1062 830 sit
1075 782 1163 830 tutus
1180 783 1210 830 et

166 864 278 903 securus
301 851 329 900 in
340 863 388 900 suo
402 863 495 914 regno,
509 854 537 900 et
551 849 734 914 independens
753 862 953 914 equorumque
974 851 1115 914 Principe,
1130 854 1162 902 et
1177 857 1212 902 ut

166 935 322 989 supremum
354 921 436 971 etiam
464 921 492 970 in
515 921 709 984 temporalibus
731 920 831 971 habeut
861 920 1003 983 honorem,
1027 927 1055 972 et
1078 923 1144 972 vim
1176 937 1212 972 ac

165 998 336 1061 potestatem,
354 1005 389 1042 na
413 992 527 1043 ecclesia
549 991 577 1042 in
597 990 654 1042 suis
673 992 824 1042 visceribus
849 1006 865 1042 a
886 992 1028 1043 virulentis
1056 993 1209 1046 haereticis

165 1067 284 1118 vitietur.
296 1062 356 1114 Bul.
379 1061 467 1116 Nullis
483 1067 552 1117 certe
566 1061 660 1126 verbis,
683 1063 721 1115 ts.
737 1063 859 1114 ianuarii
878 1063 945 1126 1860,
959 1067 986 1114 et
1003 1065 1067 1116 Bul.
1085 1065 1210 1130 Quanta

166 1151 242 1198 atra,
259 1137 274 1186 8
297 1135 448 1188 decembris
463 1135 531 1196 leel,
552 1139 578 1186 et
592 1135 728 1200 Syllabas,
748 1137 775 1186 in
795 1149 849 1200 qua
862 1138 1006 1199 sequentes
1029 1135 1210 1186 damnantur

167 1208 377 1275 propositiones:
392 1203 430 1256 De
449 1207 603 1272 temperatis
627 1208 705 1271 requi
720 1221 782 1259 eam
806 1206 948 1272 spirituaii
967 1207 1208 1270 cornpatibilitate

166 1280 306 1344 disputant
326 1277 398 1330 ieter
423 1290 449 1328 se
475 1276 636 1340 abrutiaaa,
660 1282 685 1331 et
709 1277 844 1330 catholica
862 1275 980 1329 Ecclesia
1004 1277 1067 1343 filii.
1091 1279 1208 1344 Syllab.

75 1385 81 1391 -
165 1365 242 1418 prop.
263 1347 570 1414 sermocinarentur
592 1349 781 1416 imperiique
805 1349 954 1414 apostolica
984 1349 1057 1401 sedes
1079 1351 1205 1415 petitur,

164 1420 201 1474 ad
214 1419 332 1473 baasae
349 1419 509 1480 libertatem,
523 1419 732 1487 felicitatemque
750 1422 792 1472 vei
806 1421 926 1472 marina
938 1421 1110 1474 conduceret.
1127 1423 1206 1473 Ibid.

166 1506 244 1558 prop.
270 1491 457 1544 filiomissus
471 1491 598 1556 Pontifea
614 1495 707 1556 potest,
729 1506 761 1544 ac
779 1492 853 1544 debet
877 1507 939 1544 oum
964 1505 1119 1557 proccessu,
1141 1507 1208 1544 erem

164 1563 336 1627 literaturae,
350 1567 374 1616 et
398 1575 460 1614 cam
478 1563 578 1614 recenti
600 1563 730 1616 civilitate
751 1577 802 1614 sese
822 1565 1005 1624 reconciliare,
1021 1568 1106 1628 atque
1129 1579 1205 1616 coar-

166 1647 272 1700 praere.
282 1634 324 1685 lb.
339 1647 415 1699 prop.
433 1634 472 1694 8ος
486 1633 559 1698 quod
573 1633 645 1684 idem
659 1638 740 1699 esset,
756 1648 787 1686 ae
801 1649 963 1700 componere
979 1634 1125 1686 Christum
1141 1651 1207 1688 cum

166 1705 263 1758 Belial.
463 1749 470 1770 ,
804 1768 807 1770 ,
875 1743 877 1748 ,

202 1895 265 1951 lit.
281 1890 396 1950 idcirco
411 1890 543 1950 maximo
557 1891 670 1952 honore
684 1898 714 1952 et
728 1906 830 1952 amore
845 1893 989 1960 colendus
1001 1895 1039 1954 ab
1055 1896 1206 1954 omnibus

167 1979 338 2040 Christianis
356 1981 569 2056 cujuscumque
583 1988 677 2040 status
690 1988 720 2041 ot
734 1981 926 2041 conditionis:
942 1981 975 2042 Si
989 1985 1082 2057 caira,
1102 1985 1204 2044 aiebat

165 2073 194 2129 S.
211 2069 341 2129 Gelasius
359 2069 397 2127 ad
421 2068 630 2141 Anastasium,
651 2071 762 2128 coactis
787 2071 961 2145 peaeraliter
989 2071 1204 2132 Sacerdotibus

166 2166 242 2218 recte
268 2158 369 2217 dictae
397 2157 591 2216 tractantibus
618 2158 753 2232 fideliora
778 2158 854 2217 colla
882 2160 1013 2218 caaeeait
1036 2161 1202 2233 sabaiitti,·
1228 2182 1234 2194 ·

166 2254 277 2323 qaaato
299 2247 396 2322 petias
415 2247 490 2305 sedis
512 2246 596 2306 illias
614 2247 740 2306 Prasaii
760 2264 917 2306 consecras
932 2255 973 2306 cst
1000 2249 1201 2322 adhibendas,

166 2352 254 2412 qaam
275 2335 387 2394 canatis
409 2319 612 2394 Sacerdotibas
634 2335 780 2394 Divinitas
798 2335 926 2396 Samma
951 2336 1044 2396 voluit
1058 2340 1202 2412 pracati·

166 2427 257 2483 aere?
286 2424 356 2494 Qais
382 2423 472 2492 caira,
488 2430 521 2482 nt
534 2424 712 2483 observabat
727 2430 755 2482 S.
776 2425 972 2499 Symmachus
998 2429 1094 2500 Papa,
1122 2427 1203 2498 Saa-

167 2521 249 2573 ctasra
271 2511 380 2572 dubitet
395 2529 463 2582 esse,
479 2529 566 2588 qaam
585 2529 660 2588 epea
674 2521 761 2572 taetre
775 2513 927 2588 dipaitaiis
940 2513 1048 2572 attollit
1059 2515 1075 2570 f
1086 2515 1130 2574 la
1143 2532 1201 2592 qao

167 2603 194 2662 si
211 2603 316 2662 desaat
338 2601 414 2660 boae
431 2602 574 2676 amathite
585 2618 638 2676 per
651 2603 802 2674 meritura,
826 2593 985 2677 sufficiant,
1007 2618 1069 2676 qaae
1099 2621 1121 2662 a
1150 2604 1202 2662 loci

166 2691 310 2751 decessere
336 2697 519 2767 praestaretur
541 2694 592 2762 (l).
614 2690 659 2750 Nil
684 2690 808 2766 proinde
825 2691 935 2750 mirum
954 2707 1020 2750 csse
1034 2697 1152 2766 potest,
1177 2691 1199 2750 si

166 2780 250 2842 illum
264 2780 434 2854 adoramus,
449 2785 479 2839 et
493 2780 702 2839 exosculamur
715 2778 746 2838 in
761 2780 838 2855 pede
857 2783 867 2850 (
887 2784 909 2852 ).

199 2936 234 3001 (l)
248 2936 313 2988 Gan.
330 2936 353 3001 l,
370 2935 435 2987 dist.
455 2935 496 2988 ic.
517 2962 548 2972 -
564 2936 601 3002 (t)
621 2935 711 2988 Gloss.
732 2935 761 2986 in
775 2937 886 2988 Extrav:
910 2934 1100 3003 woremiam
1122 2937 1200 2991 ioan·

166 3007 210 3059 nis
222 3007 313 3060 xxii.
329 3007 363 3058 de
376 3007 451 3059 verb.
462 3007 553 3073 signif.
564 3007 646 3060 verb.
663 3007 763 3060 oscula.

201 3198 265 3254 lis.
289 3197 333 3252 Ex
351 3194 419 3269 J'nre
434 3192 534 3254 divino
553 3193 643 3254 habet
665 3198 693 3254 S.
710 3193 847 3255 Pontifex
860 3193 892 3253 iri
906 3193 1045 3254 universa
1065 3195 1199 3257 Ecclesia

167 3281 327 3358 primatum
347 3282 471 3341 honoris
487 3288 516 3341 et
534 3281 758 3358 Jurisdiotionis.
783 3288 818 3342 Et
832 3301 904 3343 sene
921 3283 1024 3343 habuit
1040 3285 1128 3344 hunc
1142 3284 1196 3361 pri-

166 3376 326 3430 matrimi).
343 3377 457 3444 Petrus,
476 3370 557 3445 quod
580 3371 800 3432 demonstratur
818 3389 857 3432 ox
876 3372 1077 3432 declaratione
1093 3369 1198 3433 Christi

164 3457 330 3518 aedificandi
358 3475 449 3536 super
474 3459 574 3534 ipsum
596 3459 758 3520 Ecclesiam
782 3477 867 3521 suam
893 3480 900 3520 :
925 3462 967 3522 Ta
989 3478 1017 3522 es
1037 3463 1159 3536 Petras,
1175 3467 1198 3520 et

166 3562 256 3623 saper
272 3547 350 3610 haue
372 3549 495 3610 Petraia
508 3548 653 3624 edificabo
673 3549 835 3612 Ecclesiam
848 3567 962 3626 meam
978 3567 1018 3610 ex
1039 3551 1196 3613 traditione
