2546 4038
476 173 637 231 ..129-

33 278 135 342 nitatis
150 293 234 341 non
246 278 384 343 incurrit:
395 281 448 343 sed
460 299 499 343 ex
513 283 543 344 vi
557 283 700 344 directius
709 283 748 343 ad
758 281 926 346 evitandam
941 283 1061 361 eulpam

33 377 99 430 stas
111 371 219 446 legae
234 387 353 432 serrare
371 377 401 432 et
422 371 487 448 ipse
501 378 629 447 tenetur,
646 374 718 450 quin
744 373 825 448 quod
847 372 974 449 quisque
984 373 1060 450 juris

31 458 107 518 atuit
120 457 158 518 in
175 459 326 534 alterum,
341 459 405 536 ipse
419 461 526 522 eodem
537 460 580 521 uti
594 461 684 522 debet
698 479 705 522 ε
726 477 795 520 nam
809 460 878 521 lieet
889 477 978 529 nemo
994 478 1012 520 a
1026 477 1060 522 se

28 565 69 607 so
83 553 249 623 oogatur3
267 553 397 608 amena
415 565 448 608 se
464 548 532 625 ipso
551 549 677 626 quisque
698 547 851 626 dirigitur,
867 557 899 610 et
911 549 1060 627 obligatur

28 635 182 695 ibonurn
198 636 403 712 sepiendum,
416 638 589 714 malumque
599 637 754 698 vitandum
769 640 820 708 (l).

39 723 198 800 sequitur
216 724 362 800 seeundo,
378 741 528 786 summum
542 725 717 804 Pontificem
732 741 822 802 posse
840 723 872 785 in
889 725 972 786 omni
991 727 1059 804 jure

23 811 232 874 eclesiastica
247 829 287 874 ex
296 813 383 890 J'uxta
396 829 487 874 eausa
500 813 683 890 dispensare,
698 811 767 892 quia
780 816 884 890 regula
897 821 953 889 est,
968 815 1058 891 legis·

22 907 150 976 iterem,
164 901 228 962 vel
243 901 308 976 eius
322 917 531 962 successorem
541 900 572 960 in
584 919 639 962 sua
648 903 725 980 lege,
741 901 831 970 veliu
845 904 912 980 lege
926 910 1059 966 anteces-

22 991 84 1050 oris
98 989 152 1050 sni
167 1005 271 1066 posse
284 987 467 1066 dispensare,
483 1005 554 1051 eum
572 992 637 1066 ejus
659 989 698 1051 sit
720 991 846 1066 solvere,
863 991 949 1068 culus
963 997 1008 1051 est
1020 989 1056 1051 li-

21 1095 92 1151 nne,
104 1079 203 1156 quod
214 1077 361 1155 probatur
375 1095 414 1138 ex
427 1077 574 1139 sententia
587 1078 750 1140 innoeentii
761 1083 808 1140 lll.
819 1079 870 1156 qui
884 1079 922 1141 de
936 1097 991 1140 sua
1001 1095 1057 1140 au-

20 1167 153 1229 :toritate
167 1167 220 1228 ita
235 1166 412 1228 sententiam
431 1183 488 1244 pro
488 1167 573 1227 f.ert
566 1185 574 1200 ·
591 1167 648 1238 (lui
664 1169 829 1247 seouodpen
840 1167 1056 1245 plenitudinem

20 1257 169 1316 utereris
188 1255 307 1332 deiero
319 1271 477 1332 pererrans
490 1272 584 1332 supro
599 1255 653 1332 jus
677 1257 887 1334 deplorarem
888 1260 910 1328 )
930 1261 996 1318 Non
1009 1263 1054 1317 ta·

21 1357 81 1402 nen
94 1344 232 1420 potest'
225 1361 256 1404 ιιι
265 1345 334 1421 jure
347 1343 448 1404 divino
461 1343 610 1418 absoluto,
632 1351 663 1405 et
684 1343 722 1406 de
739 1362 772 1405 se
785 1360 890 1405 omnes
903 1345 1054 1422 obligante

20 1431 224 1509 lispeneare:
239 1448 302 1492 non
316 1432 395 1493 euim
408 1432 571 1510 superioris
585 1433 636 1493 lex
653 1450 708 1510 per
724 1433 895 1495 inferiorem
908 1431 971 1494 tolli
985 1439 1053 1511 pot·

22 1526 68 1592 est,
79 1537 182 1598 qnam
195 1520 246 1584 bie
257 1521 370 1583 nedum
383 1521 446 1582 aliis
461 1521 690 1596 observandam,
704 1522 758 1583 sed
772 1529 802 1583 et
815 1522 871 1583 sibi
881 1522 1052 1584 eustodien-

20 1605 81 1669 iam
93 1609 195 1672 debet
208 1626 391 1687 proponere,
402 1615 433 1669 et
442 1626 539 1685 usque
550 1609 590 1670 ad
600 1609 740 1684 animam,
750 1628 787 1671 ao
795 1611 969 1687 sanguinem
978 1627 1053 1672 eon·

22 1695 189 1770 irmare(6
189 1703 214 1774 )
166 1697 424 1760 6llibilominus
444 1699 525 1774 ipsas
544 1699 626 1774 leges
648 1697 763 1759 divinas
784 1705 896 1776 potest,
915 1706 944 1760 et
963 1699 1053 1762 debet

21 1788 223 1864 ntsrpretari,
247 1793 278 1850 et
302 1787 471 1860 declarare3
488 1787 598 1848 etenim
622 1787 707 1848 aliter
728 1788 893 1850 Ecclesiam
913 1788 970 1850 rite
994 1807 1052 1866 gu·

20 1872 158 1953 hemana,
170 1894 306 1954 ovesque
318 1875 585 1954 cbrrsbperuas
574 1875 706 1952 Justttrae
716 1883 746 1938 et
756 1877 889 1938 renatis
900 1877 1051 1940 deducere

52 2055 198 2152 sequitur
208 2053 309 2130 tertio,
319 2069 470 2116 summum
480 1999 652 2115 Pontificem
661 2071 727 2116 esse
736 2069 909 2131 supremmn
917 2055 1049 2132 judicem

24 2143 170 2206 unbersae
184 2141 345 2206 Eoelesiae
337 2143 516 2204 nomnibus
530 2142 628 2205 causis
641 2142 710 2203 fidei
723 2147 754 2202 et
763 2159 891 2217 morum,
907 2144 946 2204 ad
959 2161 1050 2220 quen

23 2238 88 2292 strnt
100 2233 278 2296 delereudae
298 2247 405 2294 omnes
422 2230 569 2308 gravioris
589 2231 733 2293 momenti
754 2231 934 2308 questiones
951 2238 1003 2307 (8),
1019 2239 1050 2294 et

25 2331 122 2383 omnm
136 2339 180 2384 ex
193 2329 258 2382 toto
270 2322 346 2383 orbe
358 2320 572 2397 appellationes
591 2323 641 2394 (9),
656 2326 690 2380 ut
704 2319 827 2380 historia
846 2319 979 2382 omnium
990 2337 1048 2382 sae-

24 2408 156 2473 culornm
179 2409 300 2472 abunde
326 2410 521 2484 demonstrat
537 2410 622 2486 euius
634 2407 779 2486 judicium
793 2409 1047 2474 absolutissimum

29 2501 104 2571 ‘dist
120 2516 185 2578 quo
200 2516 263 2560 non
277 2497 440 2560 admittitur
452 2496 610 2575 appellatio
624 2497 662 2557 ad
686 2496 843 2572 Christ-um,
865 2515 932 2573 quae
950 2499 1046 2560 baere·

28 2581 75 2646 tim
86 2588 208 2650 videtur
218 2605 335 2665 sapere,
348 2587 433 2664 quasi
445 2585 579 2647 Pontilex
589 2585 693 2646 christi
707 2602 767 2645 non
779 2593 858 2646 esset
873 2586 1006 2648 Viearius
1015 2593 1046 2650 et

30 2686 91 2735 titur
103 2693 140 2738 eo
153 2693 218 2739 non
231 2677 356 2737 baberet
374 2676 404 2735 in
422 2675 510 2736 terris
526 2673 607 2735 idem
623 2673 762 2734 tribunal.
778 2673 914 2734 Similiter
928 2675 1045 2752 abipso

29 2775 81 2822 non
94 2766 261 2828 admittitur
274 2761 433 2842 appellatio
447 2763 485 2824 ed
500 2761 661 2823 concilium
678 2761 909 2838 marmaricum,
928 2781 995 2839 quae
1014 2765 1046 2825 in

29 2844 99 2914 bulla
108 2853 202 2918 dene
211 2853 267 2914 sub
278 2869 371 2930 poena
382 2850 526 2913 reservati
537 2850 734 2911 anathematis
744 2851 1044 2928 estprosoripte(10).

30 2935 100 3001 inde
110 2943 221 3006 summi
246 2939 399 3006 Pontiflois
419 2937 575 3017 judiciuin
589 2938 807 3014 ipsismetildei
825 2939 1047 3003 definitionibus

31 3027 116 3092 auimo
133 3040 166 3094 et
185 3048 287 3109 opere,
311 3029 374 3090 sire
395 3045 467 3089 rere
489 3026 617 3105 positive
639 3026 751 3088 debent
768 3027 921 3090 adhaerere
941 3047 1046 3092 omnes

34 3113 123 3179 Christi
135 3121 253 3196 fideles,
269 3117 320 3198 qui
336 3119 374 3179 ab
387 3116 595 3178 inobedientiae
609 3116 721 3175 scelere
736 3131 796 3176 non
812 3116 974 3178 liberantur
990 3136 1045 3194 per

31 3213 243 3270 monsuuosnm
254 3207 328 3268 illud
340 3205 512 3283 religiosum
528 3204 689 3281 silentium,
704 3205 786 3283 quod
798 3206 962 3268 malesuadi
972 3212 1043 3268 lan·

33 3295 129 3360 tetiam
143 3297 361 3374 exeogitarunt.

60 3386 191 3464 Sequitur
206 3392 323 3464 quarto,
337 3399 489 3448 summum
499 3383 674 3446 Pontificem
685 3383 797 3446 habere
807 3389 987 3461 potestatem
997 3386 1041 3448 ie-

34 3473 104 3537 rendi
115 3478 199 3554 leges
211 3475 243 3536 in
255 3475 347 3538 rebus
360 3471 571 3536 ecelesiasticis
593 3472 758 3550 obligantes
778 3489 883 3534 omnes
895 3473 999 3536 fideles
1010 3473 1041 3538 in

33 3560 149 3632 nuber
167 3563 273 3630 muudi
292 3567 378 3644 parte
398 3560 643 3640 existentes,1'am
655 3563 730 3626 latas
742 3561 918 3642 abrogandi,
931 3565 980 3630 rel
991 3581 1040 3630 se-
