2546 4082
443 651 648 764 TITULUS
674 651 801 732 xxvi.

422 881 458 926 DE
476 882 571 930 1³01?le
589 883 816 928 sccnssttsnlcts

104 1051 252 1104 Sannorum
268 1072 274 1104 :
290 1051 346 1105 28³.
362 1051 483 1107 Poenarum
499 1055 609 1116 delinitio,
624 1059 649 1107 st
665 1055 755 1108 divido.
768 1081 802 1094 -
815 1054 869 1107 281.
885 1053 1006 1114 Quomodo
1019 1067 1132 1120 unuscu-

139 1126 190 1184 ων,
212 1137 242 1175 aa
265 1137 333 1191 poena
348 1125 378 1177 sit
398 1125 465 1191 lum,
486 1127 523 1178 sal
543 1127 645 1179 serendae
663 1127 799 1180 umentia?
815 1154 845 1164 -
867 1127 923 1178 285.
939 1125 1005 1186 Quod
1026 1125 1055 1176 sit
1075 1124 1134 1176 inter

138 1198 257 1262 utramque
279 1196 403 1248 dicrimen?
416 1225 444 1234 -
464 1198 520 1250 iad.
542 1198 600 1258 Quid
623 1199 653 1250 sit
672 1198 883 1262 excommunicatio,
904 1199 927 1248 et
947 1195 1087 1262 quotuplex?
1102 1222 1134 1233 —

137 1266 195 1318 287.
205 1267 414 1320 Excommuuloatio
426 1271 588 1336 tolerataquos
604 1270 830 1336 producateiiactus?
844 1298 874 1308 -
887 1270 942 1320 288.
956 1269 1019 1328 Quas
1037 1281 1131 1319 excom-

137 1339 241 1391 munatio
252 1353 299 1392 non
310 1341 421 1394 tolerata?
433 1369 463 1378 ·-
475 1341 531 1393 289.
542 1341 720 1394 communicatio
729 1357 780 1393 oum
789 1339 909 1405 herodeis,
917 1344 941 1391 at
952 1338 1134 1391 schismaticlsiu

137 1409 219 1472 acris,
235 1414 257 1462 et
270 1412 352 1464 diuinis
369 1412 490 1478 prohibita.
501 1441 533 1451 —
545 1413 601 1463 290.
615 1413 740 1479 suspensio
755 1413 818 1478 quid,
833 1415 856 1464 ai
871 1411 1014 1478 quotuplex?
1032 1438 1064 1448 -
1076 1409 1132 1460 tat.

139 1479 266 1546 Suspensio
284 1487 309 1534 ut
325 1497 421 1535 censura
433 1483 549 1548 quomodo
566 1484 679 1537 didarnta
700 1485 853 1550 suspensione
876 1488 902 1535 ut
924 1482 1013 1548 paena?
1026 1510 1057 1519 —
1076 1479 1132 1532 292.

138 1551 233 1610 Qulsint
242 1555 399 1620 suspensionis
408 1555 514 1608 allectus?
527 1583 554 1592 -·
569 1557 623 1607 tat.
634 1555 691 1616 Quid
699 1556 851 1619 interdictum,
861 1551 1133 1620 etquotuplexiritiis

138 1621 198 1682 outo
217 1625 314 1676 cessatio
332 1640 347 1677 a
363 1625 461 1677 diuims?
475 1655 505 1664 -
519 1627 573 1680 295.
590 1627 645 1686 ouis
657 1627 686 1678 sit
698 1628 766 1692 judex
781 1640 935 1687 censurarum,
947 1629 973 1676 et
986 1639 1036 1690 qua
1050 1623 1128 1688 requi-

137 1698 217 1746 rantur
233 1697 375 1750 conditiones
390 1697 420 1748 ad
438 1711 477 1749 eas
498 1698 622 1750 terendas?
635 1725 666 1736 -
680 1699 734 1749 itit.
750 1697 880 1763 Subjectum
894 1711 1003 1748 censurae.
1022 1721 1050 1732 -
1075 1693 1130 1743 aar.

139 1765 259 1824 Quomodo
273 1781 369 1820 censura
388 1768 522 1820 auferatur?
536 1796 567 1807 -
589 1769 645 1820 298.
661 1768 781 1828 Quomodo
794 1767 869 1820 danda
882 1769 911 1820 sit
924 1767 1036 1820 absolutio
1050 1779 1064 1816 a
1077 1777 1133 1815 oen·

138 1837 220 1888 suris?
232 1867 263 1876 -
277 1839 331 1891 299.
352 1839 411 1899 Quid
430 1839 461 1891 sit
474 1839 614 1904 causacio,
633 1844 658 1891 et
679 1839 708 1892 ob
728 1839 789 1906 quod
812 1840 917 1892 delatum
937 1839 987 1890 dari
1003 1835 1088 1903 queat?
1101 1862 1132 1873 -

138 1907 194 1959 300.
208 1909 266 1969 outo
285 1909 415 1976 depositio?
430 1940 461 1949 -
484 1911 539 1963 301.
559 1911 618 1972 Quid
637 1912 729 1973 mislata,
746 1911 838 1976 mando
860 1912 942 1962 habeat
961 1911 1046 1970 locam,
1062 1911 1085 1960 el
1098 1905 1135 1958 oui

137 1978 284 2046 applicanda?
295 2009 326 2019 -
338 1981 394 2034 802.
409 1981 474 2034 Sacri
487 1995 586 2035 omones
598 1995 688 2049 punam
702 1982 823 2035 admittunt
835 1981 939 2048 waaris,
954 1986 978 2034 et
990 1979 1056 2033 exilii.

140 2143 204 2202 283.
218 2143 310 2201 Poena
328 2142 528 2203 ecclesiastica
541 2150 584 2203 est
597 2142 802 2220 delinquentis,
817 2149 870 2202 aut
887 2141 984 2201 delicti
998 2141 1130 2201 coercitio

103 2227 141 2288 ab
152 2229 279 2289 Ecclesia
291 2247 344 2306 per
353 2248 492 2303 coaonae,
508 2239 562 2293 out
577 2239 749 2308 apotesiate
763 2231 954 2292 ecclesiastica
966 2230 1131 2290 secundam

103 2333 230 2378 canores
254 2319 337 2393 dato,
360 2327 415 2380 aut
439 2321 629 2382 comminata.
650 2326 694 2381 Ex
707 2321 795 2397 hujus
817 2319 996 2379 definitionis
1017 2317 1130 2392 uerbis,

104 2421 211 2466 omnes
235 2407 332 2466 fluunt
345 2423 504 2484 poenarum
525 2407 796 2469 ecclesiasticarum
820 2407 980 2467 divisiones
998 2403 1132 2466 :etenim

104 2494 213 2554 dicitur
223 2495 419 2572 delinquentis
432 2504 485 2556 aaa
495 2497 590 2557 delicti
604 2498 744 2568 coercitio,
757 2497 795 2556 ad
808 2495 999 2556 indicandam
1009 2510 1132 2570 poenam

103 2583 320 2658 enecataotom,
339 2602 405 2660 quae
422 2586 511 2645 datur
536 2587 574 2646 ad
599 2585 796 2662 delinquentis
817 2584 1066 2657 emendationem,
1089 2583 1132 2642 uti

104 2677 150 2732 est
176 2673 456 2748 excommunicatio,
483 2675 650 2750 suspensio,
678 2681 708 2733 et
731 2673 941 2744 interdictum
957 2679 987 2732 et
1009 2687 1132 2747 poenam

103 2761 327 2836 vindictioam,
348 2779 414 2838 quae
438 2762 526 2822 datur
546 2779 602 2838 pro
624 2763 705 2822 bono
723 2760 842 2837 publico
860 2761 899 2820 ad
915 2759 1015 2820 dilecti
1034 2758 1129 2818 uindi-

104 2856 194 2922 ctam,
224 2848 269 2911 uti
294 2855 340 2910 est
362 2849 546 2925 degradatio,
575 2850 731 2926 depositio,
751 2848 877 2925 privatio
902 2846 1047 2918 beneficii,
1071 2853 1127 2906 etc.

103 2939 217 2999 Dicitur
238 2937 273 2997 ab
291 2938 420 2998 Ecclesia
442 2955 496 3014 per
510 2955 648 3012 canones,
671 2945 725 2999 aut
743 2956 762 2998 a
778 2944 918 3014 potestate
938 2935 1130 2996 ecclesiastico

102 3027 267 3090 secundeum
283 3043 408 3086 conones
423 3032 475 3100 (l),
494 3025 533 3086 ad
556 3027 782 3103 significandam
796 3043 918 3102 poenam
938 3043 958 3086 a
965 3026 1047 3101 jare,
1065 3024 1129 3083 sive

102 3117 301 3187 ordinariam,
314 3131 381 3192 quae
395 3114 482 3174 datur
497 3115 535 3174 ab
547 3117 678 3175 Ecclesia
691 3132 745 3190 per
759 3131 900 3186 canoneS,
916 3120 945 3173 at
957 3128 1079 3189 poenam
1092 3113 1129 3172 ob

102 3207 233 3279 domairac,
258 3205 319 3264 sive
345 3204 629 3277 extraordinariam,
645 3220 712 3279 quaa
725 3203 814 3264 datur
833 3219 852 3260 a
869 3208 1016 3277 potestate
1030 3202 1129 3260 eccle-

90 3293 222 3354 siastica
236 3293 402 3352 secundmn
416 3308 556 3352 canones
571 3291 681 3351 Dicitur
698 3290 827 3368 denique
845 3290 926 3361 data,
943 3296 993 3349 aut
1007 3289 1129 3349 cammi-

102 3389 177 3443 rtota
187 3381 225 3441 ad
238 3379 421 3441 innuendam
434 3397 559 3456 poenam
574 3381 640 3439 laic
653 3379 812 3452 sententiae,
826 3396 892 3455 quae
906 3385 975 3454 post
987 3377 1128 3438 commis·

99 3487 170 3532 sum
196 3470 336 3531 delietmn
360 3470 426 3547 ipso
452 3471 532 3530 facto
556 3468 761 3543 mintrahitur,
794 3475 824 3528 et
852 3484 975 3544 poenam
1000 3467 1128 3543 ferendae

101 3560 343 3637 sententiaque
364 3559 549 3621 commititur
571 3559 727 3620 dumtaxat
740 3574 795 3635 per
808 3555 916 3635 judicis
937 3555 1124 3618 sententiam.
