2546 4082
579 243 737 306 ..293-

152 381 260 456 emite,
275 395 323 442 res
335 381 484 457 ipnorctc,
498 392 619 440 necesse.
631 377 747 438 Utilitas
759 373 856 454 primo
870 381 1023 438 excusata
1033 391 1129 453 poene,
1138 381 1167 436 et

153 471 271 548 sculpe
286 489 293 530 :
310 469 381 530 hinc
394 467 644 530 excommunicati
665 473 792 544 possunt
803 466 926 540 hortari,
941 465 1068 526 maxime
1086 482 1167 542 apa·

153 558 295 633 storihus,
320 565 353 620 ut
376 563 600 619 convertentur.
620 555 758 620 secundo
781 562 905 616 excuset
928 555 985 628 les,
1000 553 1108 624 scilicet
1119 555 1167 614 lex

152 647 342 722 matrimonii,
356 645 387 706 in
401 663 461 724 quo
475 645 602 706 sentens
616 643 781 721 coniugalis
793 645 909 720 integre
921 649 1065 704 servetur.
1077 641 1167 704 Tertio

151 743 276 798 excuset
286 735 392 810 simile,
413 735 476 796 sive
487 734 563 796 ratio
576 731 778 810 subjectionis,
792 738 826 792 ut
841 731 970 792 filiorum
984 747 1055 792 cum
1067 747 1166 808 peren-

150 824 241 901 tibus,
254 824 380 886 militum
392 840 463 884 cum
473 822 608 884 ducibus.
617 826 728 894 Quarto
736 821 906 897 lacerantis
918 825 980 881 tem
991 819 1168 897 jnris,qunm

149 913 220 976 leod
246 919 381 975 excuset.
404 911 512 984 Quinto
536 917 661 973 excuset
683 909 772 972 etiam
798 911 952 970 necessitas
977 914 1041 970 tem
1067 909 1166 982 animi,

151 1019 242 1081 quem
268 1002 405 1080 corporis
422 1001 454 1061 in
476 1001 542 1080 ipso
565 999 836 1076 excommunicato,
850 1004 881 1060 et
892 999 923 1060 in
937 997 1168 1061 communicante

150 1109 220 1154 cum
233 1108 271 1154 eo
287 1095 356 1165 (lit).

179 1237 215 1304 (i)
228 1235 307 1289 Bulle
320 1235 429 1287 Martini
442 1235 475 1299 V,
486 1247 569 1302 supre
582 1234 667 1287 relate
676 1233 780 1286 nullom
792 1230 821 1286 in
832 1233 876 1287 his
886 1234 1164 1288 excommunicetisre

156 1309 242 1376 quirit
248 1307 491 1370 denunciationem,
500 1311 531 1358 ut
537 1306 592 1357 sint
599 1307 713 1367 vitandi,
721 1319 802 1372 quem
812 1307 926 1372 requirit
935 1307 964 1358 in
972 1307 1026 1358 alio
1036 1305 1164 1368 cesu3sed

155 1395 190 1432 ex
198 1379 294 1432 Gallim
307 1377 509 1436 consuetudine,
520 1381 550 1429 ut
569 1380 684 1429 testetur
697 1377 860 1436 P.Anteine,
868 1382 895 1429 et
904 1377 1167 1430 Girsldusedorimi-

150 1463 248 1502 nosum
256 1450 396 1502 vitandum
410 1447 577 1500 reddendum
589 1453 690 1514 preeter
699 1449 889 1500 notorietetem
901 1449 963 1500 tecti
973 1449 1038 1500 olim
1048 1449 1165 1514 require·

151 1523 233 1574 betur
245 1521 334 1572 adhuc
347 1520 494 1572 notorietss
503 1519 585 1585 juris,
601 1520 657 1570 sive
669 1519 847 1572 declaretcrie
856 1520 958 1586 judicis
973 1523 1114 1571 sententie.
1130 1518 1168 1570 Gi-

152 1593 246 1644 reldus
260 1592 295 1643 sd
306 1605 363 1658 cep.
384 1591 408 1652 i,
424 1591 459 1643 de
476 1604 549 1644 cons.
565 1591 630 1641 eccl.
645 1617 675 1628 -
689 1591 725 1655 (l)
741 1591 797 1644 Gen
813 1590 834 1654 1,
848 1605 871 1642 c.
887 1591 911 1650 9,
926 1604 953 1656 q.
973 1591 1041 1642 1.-
1056 1591 1091 1655 (³)
1108 1589 1167 1655 Cep.
1258 1619 1259 1666 3

149 1663 185 1715 de
198 1667 267 1715 sent.
283 1667 310 1714 et
319 1676 349 1714 rc
358 1662 418 1728 jud.
430 1664 458 1714 et
469 1675 530 1727 cap.
542 1661 565 1723 i,
579 1661 614 1713 de
624 1659 668 1713 oti.
682 1663 733 1714 vio.
749 1663 778 1712 in
791 1662 855 1713 6.-
868 1663 904 1728 (l)
924 1663 989 1727 Cep.
1007 1662 1029 1720 1,
1040 1661 1076 1713 de
1085 1661 1168 1726 suppl

149 1736 222 1801 negl.
244 1733 326 1786 Praei.
349 1734 378 1784 in
395 1733 421 1785 li.
437 1759 468 1772 -
482 1735 516 1798 (5)
529 1733 732 1786 communionis
746 1736 802 1784 tem
821 1733 849 1784 in
862 1733 956 1797 sceris,
970 1745 1054 1798 quem
1071 1733 1098 1783 in
1112 1745 1169 1799 pro·

148 1806 220 1858 lenis
235 1818 299 1858 eum
321 1804 557 1856 excommunicatis
574 1817 634 1855 esse
648 1803 814 1870 prohibitum
827 1807 901 1868 petet
915 1804 1008 1855 divina
1023 1804 1169 1869 Scriptura,

148 1889 210 1942 qum
221 1877 299 1928 docet
311 1874 570 1926 excommunicatum
584 1873 738 1927 habendum
758 1889 818 1928 esse
832 1880 970 1941 umquem
983 1874 1132 1938 ethnicum,
1147 1877 1172 1926 et

150 1947 335 2013 publicanum,
350 1950 378 1998 et
393 1960 427 1998 ex
446 1948 504 2011 jem
519 1945 608 1996 citetis
623 1946 744 1997 1).Peuli
764 1947 915 2010 sententiis,
926 1959 988 2011 quae
1002 1946 1171 2012 precipiunt,

150 2019 258 2084 nequis
279 2017 366 2068 tidelis
388 2016 702 2069 cumexcommunicatis
719 2017 932 2090 commiscentur,
956 2021 1003 2068 aut
1023 2017 1115 2068 cibum
1129 2031 1171 2068 su·

150 2095 215 2140 met.
231 2090 259 2141 Si
273 2088 494 2141 excommunicati
511 2092 575 2140 sunt
594 2089 701 2140 tolerati
720 2090 749 2141 in
769 2090 1011 2142 communicatione
1025 2089 1103 2141 edest
1117 2092 1171 2140 tsn-

149 2164 207 2211 tum
219 2159 308 2225 cnlpe,
323 2172 385 2224 quse
398 2159 519 2211 nescitur
529 2172 562 2210 ex
577 2159 698 2223 periculo
713 2161 902 2225 perversionis,
917 2161 961 2210 vel
977 2173 1011 2210 ex
1028 2159 1169 2219 scandelo;

149 2229 249 2284 sivero
265 2234 330 2282 sunt
338 2229 450 2294 vitandi,
464 2229 855 2283 incurriturexcommunicetio
871 2230 959 2282 minor
975 2231 1004 2281 in
1018 2230 1167 2282 communi·

148 2303 253 2354 catione
272 2301 301 2352 in
317 2300 453 2358 civilibus,
473 2303 501 2350 et
516 2300 754 2352 excommunicatio
776 2303 864 2366 major
882 2302 910 2352 in
933 2301 1173 2352 communicatione

148 2374 178 2426 in
196 2373 308 2425 crimine
324 2371 478 2424 criminoso.
496 2370 561 2436 Cup.
582 2370 613 2422 itt
630 2375 657 2423 et
675 2372 714 2436 ³0,
728 2373 762 2424 de
782 2374 853 2424 sent.
867 2385 968 2424 excom.
984 2399 1016 2410 -
1034 2373 1068 2435 (6)
1085 2371 1114 2422 Si
1128 2385 1172 2423 ex·

149 2444 362 2496 communicatus
378 2446 420 2494 est
432 2441 563 2493 toleretus
584 2447 644 2493 acte
657 2445 716 2508 ejus
731 2444 760 2494 in
775 2443 877 2508 judicio
899 2443 1080 2506 sustinentur,
1094 2443 1171 2494 modo

149 2521 242 2568 contre
265 2514 353 2580 ipsum
385 2513 507 2579 exceptio
535 2513 817 2566 excommunicationis
847 2528 900 2575 non
921 2517 1109 2580 proponetur:
1142 2526 1173 2565 ee

148 2586 221 2638 enim
239 2585 387 2651 proposito,
408 2589 435 2635 et
449 2583 572 2650 probate,
586 2597 667 2648 egere
691 2587 794 2651 nequit,
809 2586 873 2650 quie
883 2587 945 2650 jure
962 2585 1073 2650 antiquo
1092 2597 1172 2649 cgere

147 2653 369 2714 interdicebatur,
392 2657 419 2705 et
441 2653 573 2706 Martinus
595 2654 620 2706 V
641 2655 728 2706 noluit
748 2655 1007 2708 excommunicatum
1029 2657 1058 2706 in
1083 2655 1171 2721 eliquo

147 2729 275 2780 relevere.
290 2726 420 2777 Doctores
433 2727 524 2776 temen
533 2725 646 2788 addunt,
655 2729 914 2779 excommunicatum
930 2728 1077 2778 toleratum
1092 2739 1173 2792 posse

146 2813 164 2852 e
172 2798 264 2864 J'udioe
276 2797 305 2847 in
317 2795 420 2862 judicio
434 2794 548 2855 admitti.
563 2801 610 2848 eut
624 2798 701 2862 rejici
716 2799 799 2850 etiem
812 2799 916 2864 absque
929 2798 987 2850 ulle
1001 2798 1170 2862 exceptione,

145 2869 211 2921 dum
223 2867 349 2920 visendus
368 2880 475 2932 semper
499 2871 542 2918 est
565 2868 754 2932 repellendus,
779 2875 890 2934 excepto
912 2883 995 2928 cesu,
1018 2869 1046 2919 in
1067 2882 1121 2934 quo
1138 2869 1172 2920 sit

148 2953 221 2999 reus,
233 2943 354 3003 utsupra
366 2936 469 2988 dictum
483 2941 531 2988 est.
549 2965 577 2975 -
596 2939 631 3002 li)
646 2939 736 3001 Quare
749 2939 777 2990 S.
793 2939 911 2992 loannes
926 2940 978 2992 eit:
989 2934 1021 2992 St
1030 2939 1090 3005 quis
1099 2939 1171 2992 venit

147 3011 185 3065 ed
196 3024 252 3074 ves,
265 3012 290 3062 et
303 3008 373 3062 hunc
385 3007 540 3060 doctrinam
552 3009 796 3075 coaeternitatis
806 3011 922 3075 recipere
935 3025 997 3063 eum
1006 3011 1038 3062 in
1051 3009 1168 3068 domum,

147 3097 196 3138 mc
209 3095 258 3136 cce
271 3081 297 3133 ei
314 3078 452 3132 deseritis:
466 3079 516 3144 qui
528 3080 601 3133 enim
621 3079 687 3133 dicit
706 3080 749 3133 illi
770 3095 828 3146 ece,
848 3081 1029 3136 communicet
1048 3081 1171 3146 operietis

148 3155 206 3220 ejvs
219 3151 354 3217 matteas.
370 3150 455 3216 Epist.
477 3151 501 3202 l.
517 3179 545 3188 -
557 3151 593 3217 (8)
607 3151 670 3218 Cep.
686 3153 718 3204 28
732 3154 760 3204 et
779 3154 810 3205 38
823 3153 857 3204 de
874 3157 943 3205 sent.
959 3165 1062 3204 excom.
1078 3152 1169 3204 etbul.

149 3223 190 3278 Ec
202 3237 254 3291 quc
265 3221 402 3274 Benedicti
419 3221 493 3282 XIV,
507 3221 536 3272 in
545 3236 599 3288 que
615 3222 744 3288 declaret,
756 3223 859 3276 licitum
876 3238 936 3276 esse
950 3237 999 3290 pro
1013 3237 1167 3275 excommu-

148 3298 245 3349 nicetis
260 3307 338 3346 orere
348 3293 484 3359 privatim,
497 3306 552 3345 non
564 3293 680 3362 publice.
696 3295 761 3346 ideo
776 3307 870 3348 eccum
884 3294 998 3348 nomine
1015 3293 1048 3346 in
1060 3293 1170 3347 scamni

148 3365 278 3432 cumillcic'
290 3377 366 3431 prece
378 3365 551 3430 pronunciari
572 3379 625 3417 non
639 3371 758 3432 pessunt.
771 3364 814 3416 Ad
827 3365 877 3417 hoo
885 3364 1066 3430 efficiendum,
1081 3366 1120 3416 eit
1131 3364 1166 3416 ihi

148 3439 391 3500 Pontifex,ttecesse
400 3439 437 3488 cst
447 3435 622 3490 intervertere
633 3435 898 3502 tepesEcctesitnquc
909 3435 1057 3501 adeletiam
1064 3436 1116 3489 siti
1125 3434 1167 3487 cl-

149 3508 317 3576 scqcctctium
331 3507 450 3572 micton
464 3507 580 3561 ecdedit
590 3521 683 3560 cerum
695 3507 817 3570 nomine,
826 3508 873 3574 qui
884 3521 910 3560 se
920 3507 953 3560 et
963 3506 1039 3560 illius
1050 3507 1167 3568 unitate,

149 3585 175 3635 ct
188 3577 340 3632 obedentia
356 3581 648 3644 castrametantem
670 3578 735 3631 dum
759 3577 888 3646 prohibet,
900 3592 934 3631 nc
946 3591 996 3644 pro
1009 3575 1052 3631 his
1068 3577 1166 3644 poetice

150 3653 251 3711 oretur,
265 3661 358 3702 corum
370 3650 440 3700 certe
457 3648 735 3704 commemorotioncm
744 3650 777 3704 ct
795 3649 883 3716 esicio
894 3649 988 3713 illese,
1004 3661 1063 3714 qus
1083 3645 1166 3714 petti-
