2490 4088
433 59 437 76 Ι
522 113 683 169 -118-

80 241 241 313 pastorem.
250 239 346 308 Quare
355 218 513 294 Tridentini
523 238 627 294 Patres
639 231 798 296 anathema
810 232 842 292 in
850 232 917 294 illos
924 232 1107 310 intorquent,

80 325 132 402 qui
156 325 336 384 affirmarent
357 339 418 382 non
443 340 510 384 esse
528 323 558 382 in
586 321 717 384 Ecclesia
735 321 882 399 catholica
910 320 1121 404 hierarchiam,

80 413 179 475 divina
192 411 377 473 ordinatione
389 410 554 473 institutam
565 414 616 484 (3).

111 561 147 626 (1)
163 558 366 612 dimittunt).
384 558 461 610 Pauli
479 578 485 609 :
509 556 615 612 obedite
631 556 780 624 prepositis
802 557 906 622 nestris,
924 560 950 611 et
974 557 1108 624 subjacete

80 633 126 684 eis.
140 630 198 696 Ipsi
212 629 287 701 enim
298 630 471 696 percipiant,
485 630 565 696 quasi
578 631 715 682 rationem
726 643 775 695 pro
785 629 928 682 animabus
940 632 1039 682 nostris
1052 627 1109 680 rod-

81 701 178 764 dituri,
192 704 224 754 at
238 715 299 754 0001
319 701 420 766 poodio
434 699 610 766 1001001001,
626 702 651 752 et
663 713 719 752 noa
731 703 864 765 nemorales
879 716 886 750 r
904 699 1041 752 barmim
1053 713 1109 752 nna

79 771 185 840 aperiit
199 772 280 824 00110.
294 773 338 824 Ad
352 772 463 824 flabra.
480 771 516 823 13.
536 798 567 808 -
589 773 621 836 (tt
641 771 674 823 D.
688 771 791 823 Paulus
809 770 820 822 1
837 770 872 823 ad
890 770 1011 824 Corinth.
1027 785 1053 824 0.
1070 771 1107 822 li.

82 843 242 908 -13)Τ11(1.
258 843 331 896 Sess.
341 843 383 907 23,
398 857 459 896 can.
478 843 504 894 6.

115 1024 177 1081 110.
193 1019 361 1082 hierarchia
372 1037 390 1080 a
403 1018 578 1080 unctoribus
587 1017 786 1080 communiter
797 1017 853 1080 alia
863 1016 972 1080 dicitur
980 1018 1108 1094 ordinis,

80 1121 110 1170 et
131 1109 188 1170 alia
199 1109 417 1186 jurisdictionis
436 1113 487 1182 (t).
504 1113 537 1168 ln
555 1109 605 1168 illa
627 1107 788 1168 auotoritas
809 1108 971 1182 confertur,
987 1113 1021 1167 ut
1041 1107 1109 1183 quis

80 1214 134 1274 per
158 1215 191 1258 se
212 1199 250 1258 sit
262 1215 359 1274 capax
381 1197 512 1273 ponendi
537 1204 637 1256 actum
660 1195 782 1270 ordinis,
803 1195 981 1256 conficiendi
1001 1201 1109 1256 saera-

79 1293 189 1360 menta,
202 1294 232 1346 et
247 1289 324 1345 hona
338 1284 499 1362 spiritualia
512 1285 648 1344 fidelibus
662 1283 864 1357 ministrandi,
875 1301 930 1360 per
942 1285 1021 1344 hane
1034 1301 1108 1345 vero

80 1377 232 1436 confertur
245 1373 414 1451 imperium,
423 1381 457 1434 01
470 1374 536 1450 quis
547 1373 642 1450 possit
657 1390 772 1449 regere,
783 1373 967 1448 gubernare,
980 1380 1011 1433 et
1024 1374 1108 1450 leges

79 1465 166 1523 ferre.
182 1465 234 1523 1110
254 1469 415 1538 propterea
440 1462 477 1522 ad
497 1478 603 1522 verum
621 1461 726 1522 Christi
744 1478 856 1537 corpus
870 1461 901 1520 in
914 1467 1109 1522 sacrosancta

79 1550 260 1611 Eucharistia
274 1551 419 1624 refertum
434 1551 498 1609 haec
512 1567 584 1610 vero
599 1557 661 1610 tota
672 1550 703 1610 in
718 1551 822 1610 Christi
835 1568 963 1626 corpore
975 1550 1109 1625 mystico

78 1646 215 1698 versetur
228 1642 279 1710 (Ξ).
293 1641 344 1699 1110
355 1639 490 1698 absolute
504 1638 655 1714 loquendo
665 1639 799 1700 subditos
812 1656 874 1700 nnn
887 1639 1021 1716 requirit,
1038 1639 1110 1716 quia

80 1728 221 1787 sacerdos
247 1727 336 1787 etiam
363 1728 477 1803 absque
504 1727 628 1787 subditis
646 1734 745 1803 potest
767 1745 889 1788 sacrum
908 1729 1020 1802 lacere;
1041 1729 1110 1788 haen

80 1813 251 1875 necessario
274 1816 415 1891 supponit
439 1815 584 1888 subditos,
617 1816 703 1876 aliter
722 1816 833 1877 inutilis
869 1823 948 1877 esset
969 1818 1107 1892 regendi,

78 1903 280 1979 gubernandi,
308 1904 449 1981 legesque
472 1905 585 1964 ferendi
616 1906 785 1966 auctoritas.
815 1907 866 1966 llla
885 1905 1024 1966 tribuitur
1052 1923 1109 1983 per

79 1992 345 2065 consecrationem,
366 1996 415 2055 vel
435 1993 666 2067 ordinationem,
693 1995 757 2054 haee
778 2011 834 2071 per
849 1993 1025 2054 missionem
1044 1994 1109 2056 sive

77 2080 290 2157 injunctionem
303 2080 429 2155 aoapite
440 2082 539 2142 datam
547 2087 598 2155 (3).
608 2084 660 2143 llla
669 2084 801 2157 demum,
815 2099 885 2144 cum
899 2083 1110 2144 characterem

77 2169 237 2245 imprimat,
256 2171 349 2230 semel
369 2170 490 2230 obtenta
510 2186 673 2248 numquam
695 2178 794 2248 potest
813 2170 921 2246 amittit
935 2171 1002 2231 haee
1019 2189 1108 2248 vero,

78 2276 144 2334 quae
158 2259 270 2334 pendet
283 2259 466 2330 0101001010
480 2258 630 2334 mittentis,
649 2267 748 2335 potest
761 2259 906 2320 revocari.

114 2352 184 2406 lluae
202 2346 374 2422 hujusmodi·
393 2347 566 2407 hierarchiae
579 2347 609 2406 iu
623 2349 729 2408 eadem
747 2365 878 2424 persona
890 2353 924 2408 ut
940 2347 1109 2424 plurimum

77 2435 277 2508 inueniuntur,
296 2442 329 2494 01
343 2441 414 2509 puta
434 2434 463 2494 in
483 2435 642 2511 Episcopo,
659 2437 710 2512 qui
725 2453 810 2498 suam
824 2435 1107 2507 dioecesim'guber-

79 2530 140 2597 nat,
151 2522 188 2582 ad
203 2524 287 2598 cujus
300 2530 414 2583 rectam
426 2523 640 2583 institutionem
654 2541 693 2584 ex
704 2524 876 2586 definitione
887 2525 1048 2585 Tsidentini
1064 2530 1107 2600 (1)

79 2610 240 2687 requiritur
253 2611 381 2686 legitima
397 2611 554 2685 ordinatio,
569 2619 599 2672 et
613 2612 742 2688 legitima
759 2613 872 2688 missio,
887 2631 953 2690 quse
968 2613 1108 2675 subdito-

79 2714 146 2758 rum
163 2699 393 2774 assignationem
408 2701 558 2774 eontinet,
575 2701 646 2776 quia
660 2701 731 2761 dum
747 2707 806 2778 {per
821 2701 1040 2762 ordinationem
1055 2721 1108 2764 ac-

80 2787 169 2862 quirit
181 2794 359 2863 potestatem
375 2789 413 2848 ad
425 2788 525 2848 munia
537 2788 717 2865 episcopaha
730 2791 907 2863 exercenda,
922 2807 976 2866 per
985 2791 1107 2852 missio-

79 2893 148 2936 nem
178 2893 196 2934 a
223 2892 340 2935 summo
374 2877 515 2938 Pontilloe
550 2878 659 2938 factam
694 2879 781 2954 huJus
813 2879 969 2955 potestatis
995 2897 1107 2942 eonse-

79 2963 178 3038 quitur
191 2965 221 3023 in
236 2965 371 3024 subditos
388 2965 553 3041 assignatos
566 2966 750 3027 exercitium.
763 2972 859 3038 Quare
878 2967 903 3026 si
916 2968 947 3027 in
960 2969 1107 3030 alterutra

79 3053 230 3126 deficeret,
246 3052 394 3129 legitimus
410 3053 534 3130 aliquus
549 3054 687 3114 dioecesis
706 3055 870 3132 Episcopus
883 3056 942 3116 dici
957 3074 1019 3116 non
1031 3075 1107 3133 pos-

78 3147 136 3199 set,
149 3140 178 3200 si
197 3141 277 3202 enirn
296 3141 419 3202 haberet
439 3148 555 3202 tantum
574 3143 758 3219 missionem,
778 3161 840 3204 non
856 3151 960 3221 posset
979 3146 1105 3208 ordines

80 3229 226 3289 conferre.

108 3367 144 3432 (l)
168 3366 238 3420 Sunt
258 3369 305 3434 qui
321 3369 456 3436 triplicem
472 3367 652 3422 hierarchiam
673 3371 784 3434 faciunt,
799 3371 928 3424 nimirum
941 3373 1101 3440 ministerii,

77 3438 238 3504 monisterit
250 3446 277 3491 et
290 3441 411 3507 imperii.
428 3443 551 3494 Potestas
561 3441 705 3495 ministerii
720 3443 815 3496 eadem
827 3449 868 3496 est
880 3457 911 3495 ac
924 3449 1044 3509 potestas
1056 3460 1102 3499 or·

78 3510 163 3575 dinis,
179 3514 298 3576 potestas
310 3513 458 3592 magisterii
474 3515 571 3578 esest,
586 3527 648 3582 que
668 3528 712 3570 res
728 3513 791 3570 ddei
808 3517 1055 3584 otmorumdoost,
1067 3530 1100 3572 ae
