2566 4102
597 279 719 333 ..8.-

160 381 164 386 ’
177 405 209 470 (1)
226 405 266 455 Ex
281 403 324 454 his
338 401 415 454 facile
428 401 523 453 deduci
534 403 739 465 potest,quanta
752 399 872 451 sitJuris
884 401 1005 452 canonici
1018 404 1176 467 praeslantia
1267 447 1268 468 3

143 481 171 528 et
185 475 306 533 utilitas;
324 473 358 524 ad
374 487 456 537 quam
469 472 646 537 respicientes
669 471 766 522 Patres
784 470 891 522 concilii
901 471 1023 524 Toletani
1038 479 1099 538 post
1112 487 1174 524 san·
1267 505 1268 526 1

143 551 248 599 uterum
258 543 457 609 scripturarum
471 543 611 594 scientiam
621 555 755 593 sacrorum
763 555 895 592 canonum
904 542 1027 594 notitiam
1043 545 1174 596 Sacerdo-

144 618 217 669 tibus
226 616 408 671 necessariam
421 615 479 679 eius
492 614 672 664 sanciverunt.
683 613 748 664 Can.
757 611 848 674 l,dist.
862 613 902 663 38.
913 612 1075 666 Caelestinus
1085 619 1176 667 autem

144 689 219 755 Papa
229 688 337 739 decreta
359 699 498 736 sacrorum
516 697 650 735 canonum
673 688 828 734 sanctorum
852 685 965 734 Petrum
988 687 1129 738 sententiis
1140 689 1178 739 ita

144 759 295 826 praeponit:
310 756 388 810 Nulli
402 753 572 808 sacedotum
588 755 666 807 liceat
684 767 798 806 canones
812 753 949 819 ipuorare,
963 768 1011 808 uec
1027 757 1178 824 quidquam
1267 793 1268 804 ,

144 829 242 894 facere,
256 827 327 894 quod
338 827 451 880 Petrum
463 826 542 892 possit
555 824 653 890 repulia
674 824 790 877 obviare.
807 825 872 878 Gan.
887 825 912 876 l.
928 826 987 878 eod.
1004 827 1084 880 Unde
1101 829 1177 881 61111-
1267 837 1268 862 l

145 901 238 952 mahat
264 901 291 951 S.
315 899 469 950 Antoninus
494 897 713 964 archiepiscopus
738 896 918 962 Florentinus,
938 897 1012 962 leges
1036 901 1179 952 canonicas
1267 875 1268 910 ³

146 985 207 1023 esse
227 983 311 1036 supra
324 982 415 1020 omues
432 967 567 1020 1161661161
580 969 655 1032 tepeo.
670 967 745 1018 Toni.
764 967 789 1029 7,
803 970 880 1019 tract.
899 967 932 1019 de
949 982 1025 1020 usur.
1044 984 1071 1020 n.
1088 969 1137 1033 11,;
1154 976 1180 1023 61

145 1042 247 1093 Baldus
261 1040 475 1105 jurisconsultus
494 1052 554 1090 essa
579 1039 653 1103 leges
674 1036 791 1102 altiores,
807 1042 833 1090 ot
855 1043 929 1091 tanto
943 1039 1060 1103 altiorer,
1077 1049 1178 1107 quanto
1267 1047 1268 1052 ’

147 1113 208 1164 coeli
239 1115 302 1164 sunt
333 1111 442 1162 altiores
469 1111 550 1160 terra.
573 1109 632 1160 Lib.
659 1111 680 1171 l,
708 1123 781 1160 cons.
809 1109 864 1161 161.
893 1109 1022 1162 Similiter
1048 1112 1179 1164 Melchior
1267 1117 1268 1120 ’

145 1183 235 1236 Canus
261 1181 368 1245 thologo
394 1181 556 1232 Pontificum
588 1193 705 1232 canones
734 1179 870 1245 ignoranti
901 1183 982 1234 nimis
1012 1183 1098 1233 multa
1129 1185 1177 1236 de·

145 1268 206 1306 essa
220 1253 255 1305 ad
268 1267 336 1304 usus
354 1251 505 1317 Theologiae
520 1251 683 1316 necessaria,
704 1265 735 1302 ac
751 1251 918 1315 Pignatellus
942 1253 1086 1319 iudipnum
1104 1253 1194 1307 theo-1

145 1325 199 1390 lapi
216 1324 334 1388 uomina,
352 1325 399 1390 qui
417 1325 465 1391 jus
490 1322 651 1374 canonicum
676 1321 789 1387 ipuoret,
812 1337 866 1373 non
886 1324 1044 1375 dubitarunt
1056 1338 1178 1389 pronun·
1267 1381 1268 1384 Ἴ

146 1396 224 1448 ciara.
241 1397 316 1447 Γ16111.
340 1396 362 1456 1,
384 1409 458 1446 cons.
486 1393 524 1457 ll,
546 1407 573 1443 n.
598 1392 736 1454 llQuare
758 1393 952 1459 sapientissimi
974 1396 1070 1446 Patres
1087 1397 1178 1448 ultimi

148 1468 253 1519 concilii
281 1467 458 1518 Prouincialis
485 1465 628 1516 Remensis
658 1465 685 1515 in
716 1465 804 1516 Gallia
828 1467 948 1518 studium
962 1468 1032 1532 juris
1055 1471 1179 1520 canonici
1267 1467 1268 1532 j

146 1539 288 1603 theologie
301 1537 451 1589 candidatis
465 1537 648 1602 opportunum
658 1536 772 1599 pariter,
783 1539 807 1588 el
820 1551 892 1601 aeque
902 1537 1179 1591 necessariumdecla-
1267 1543 1268 1546 ’

147 1614 250 1670 rerunt,
267 1610 330 1674 quia
346 1608 421 1660 illius
432 1609 508 1675 juris
524 1605 683 1671 iquoraulia
696 1619 751 1657 uon
771 1606 899 1660 indecora
914 1609 999 1660 solum
1012 1609 1178 1674 perhibetur,
1267 1657 1268 1660 ,

146 1681 192 1732 sed
205 1680 300 1732 clerieo
316 1679 464 1731 admodum
480 1678 606 1744 suuesta;
621 1681 648 1728 61
657 1677 780 1740 protinus
796 1679 946 1744 jusserunt,
963 1679 1087 1732 aauoaiei
1102 1681 1179 1746 juris

147 1751 321 1816 disciplinam
331 1749 362 1802 iu
371 1750 484 1815 quolibet
498 1747 764 1813 seminariomajori,
780 1762 861 1814 quam
870 1750 1177 1816 primumfieripolerit,

147 1821 271 1887 dilipereli
283 1835 364 1885 opera
378 1819 495 1873 restitui.
510 1819 563 1870 Tit.
584 1820 606 1883 l,
622 1833 645 1869 c.
664 1820 698 1869 18.
712 1819 771 1871 Hoc
787 1821 939 1886 exemplum
953 1816 1017 1873 v'ere
1036 1823 1179 1874 catholicae
1267 1827 1268 1830 ’

148 1893 188 1944 1111
202 1893 305 1943 nationi
324 1893 507 1957 maximopere
526 1889 637 1954 proluit,
661 1890 732 1956 quod
750 1895 845 1956 postea
867 1892 918 1943 luit
932 1892 988 1944 illic
1005 1893 1062 1945 sere
1075 1894 1180 1960 ubique

147 1964 338 2015 introductum.
349 1964 460 2015 Utinam
470 1976 564 2014 omnes
576 1961 695 2027 episcopi
705 1961 744 2012 sic
758 1963 908 2014 seminariis
923 1965 979 2016 suis
989 1965 1177 2017 consulerent!

148 2061 181 2074 -
195 2035 228 2098 (1)
243 2034 294 2086 lus
308 2035 446 2099 publicum
461 2034 492 2084 111-
500 2033 622 2085 Gratiani
636 2033 744 2084 decreto
758 2038 795 2087 erl
807 2033 837 2086 iu
853 2035 945 2097 samis,
961 2039 986 2090 et
997 2035 1180 2090 sacerdotibus

149 2109 173 2159 el
187 2106 218 2158 iu
224 2106 435 2172 mupislralilms,
448 2119 507 2157 can.
521 2105 631 2156 1111161.
643 2104 665 2165 1;
681 2105 791 2169 quiam
801 2107 893 2157 subdit
905 2106 1001 2158 Glossa
1012 2106 1044 2158 ad
1054 2108 1181 2160 eumdem

151 2190 281 2230 canonem
298 2193 303 2222 =
321 2173 354 2230 Si
366 2177 466 2243 aliquis
479 2176 551 2238 isles,
566 2175 606 2228 uel
625 2175 695 2226 alias
706 2176 824 2240 publicas
846 2190 972 2242 personas
991 2177 1113 2243 offendit,
1131 2181 1180 2246 jus

148 2248 284 2315 pullicum
297 2253 343 2309 eal,
357 2252 381 2300 et
394 2251 489 2300 eontra
501 2245 635 2311 publicum
647 2245 724 2311 facit,
736 2260 797 2298 eum
812 2247 850 2299 he
863 2261 980 2314 persona
987 2248 1181 2314 principaliter

150 2319 187 2371 ad
205 2323 308 2372 statum
325 2318 481 2384 Reipubliee
497 2321 625 2382 spectaui.
658 2316 729 2369 llude
747 2319 794 2383 qui
811 2319 883 2372 ladit
902 2319 1058 2385 sacerdotes,
1076 2320 1117 2372 uel
1137 2335 1180 2374 rea

149 2404 241 2443 saeros
259 2390 292 2442 ab
309 2390 431 2442 omuibus
452 2394 592 2454 tamquam
613 2401 664 2454 pre
683 2388 787 2452 publico
807 2389 922 2442 crimiue
943 2393 1026 2455 polest
1045 2392 1178 2444 deaurari.

150 2461 288 2525 Doctores,
305 2462 351 2526 qui
365 2463 485 2512 tractant
505 2459 652 2526 separatim
673 2457 783 2525 dejure
804 2461 931 2512 canonico
960 2462 1064 2526 privato
1082 2467 1110 2512 et
1127 2477 1178 2528 pu-

150 2532 231 2597 blico,
253 2533 288 2583 ad
308 2533 359 2584 hoc
380 2533 500 2584 referunt
525 2533 686 2594 potestatem
708 2531 821 2592 ordinis,
846 2535 872 2583 et
893 2533 1099 2598 jurisdictionis,
1115 2536 1181 2598 jura

150 2603 253 2654 Summi
264 2603 409 2665 Pontificis,
421 2602 613 2663 cardinalium,
623 2601 793 2666 legatorum,
803 2603 1005 2670 Episcoporum,
1019 2607 1181 2668 potestatem

150 2673 178 2724 in
193 2675 314 2738 clericos,
328 2675 420 2738 laicae,
431 2688 474 2726 res
489 2685 589 2733 sacras,
605 2677 656 2722 etc.
672 2671 714 2722 Ad
727 2673 862 2737 privatum
875 2687 940 2725 vero
950 2675 1071 2725 referunt
1078 2678 1182 2726 statum

150 2758 328 2810 personarum
341 2751 397 2796 tam
419 2744 680 2808 clericorum,quam
693 2742 832 2808 laieorum,
841 2745 973 2798 beneficia
987 2745 1181 2812 ecclesiastica,

152 2817 416 2868 administrationem·
428 2818 571 2878 honorum,
588 2813 727 2875 ecclosias,
749 2818 920 2882 monasteria,
936 2818 1116 2881 matrimonia,
1131 2820 1180 2884 ju·

152 2885 231 2954 dicia,
246 2887 352 2952 delicta,
370 2884 475 2956 paenae,
490 2890 538 2941 etc.

189 3092 366 3150 dicavere
381 3089 468 3150 civile
478 3096 577 3167 potest
592 3091 718 3166 deliniri,
728 3092 781 3168 jus
791 3092 950 3168 positivum
959 3093 1131 3153 humaumu
1144 3109 1182 3153 ae

152 3179 287 3252 aequitate
298 3179 477 3252 derivatum,
495 3188 521 3238 el
537 3197 573 3240 ee
590 3181 696 3256 leptim
710 3181 923 3242 auctoritatum
934 3181 1134 3256 secularium,
1145 3200 1181 3242 ae

152 3267 283 3327 moribus
303 3269 461 3328 domiuum
486 3270 648 3344 conflatum
666 3271 705 3330 ad
717 3277 829 3330 rectum
846 3270 1015 3346 Reipublicae
1032 3272 1179 3346 paterua-

154 3357 271 3416 tiouem.
283 3356 412 3417 Dicimus
426 3374 462 3418 eu
476 3358 610 3433 equitate
631 3359 670 3418 ad
687 3358 871 3418 innuendum
881 3359 930 3434 jus
948 3360 1032 3420 civile
1051 3359 1110 3436 legi
1124 3378 1180 3432 na-

155 3443 251 3516 turali,
263 3449 293 3504 et
305 3446 425 3521 justitiae
441 3463 502 3506 nou
518 3463 608 3522 posse
620 3447 742 3522 opponi,
761 3447 890 3524 (16161611
909 3448 1002 3508 civilia
1014 3449 1073 3526 legi
1091 3456 1179 3510 uatu-

153 3532 208 3592 rali
227 3532 374 3610 opposita,
402 3542 432 3596 61
454 3535 564 3612 injusta
580 3553 642 3597 non
657 3543 703 3596 est
716 3538 764 3598 lex
788 3540 828 3607 (1)
846 3556 852 3596 :
869 3537 994 3598 dicimus
1013 3553 1049 3598 ee
1070 3537 1178 3614 lepidus

150 3623 363 3686 auctoritatum
386 3624 591 3699 secularium,
613 3625 644 3687 id
664 3632 710 3688 est
725 3625 894 3704 principum
915 3627 1115 3704 eaecularium,
1144 3636 1176 3690 61
