2546 4082
500 186 661 254 ,941-

69 305 209 382 periculo
220 305 387 372 infectionis
402 309 535 383 aliarum,
550 309 608 372 nisi
622 315 707 370 extra
721 309 937 372 monasterium
960 316 1094 372 curetm.

72 393 133 454 Sed
145 396 208 454 sola
221 395 321 468 gravis
334 395 455 456 alterius
469 396 646 458 infirmitatis
664 397 749 471 ratio,
764 405 816 458 aut
832 400 889 460 alia
903 415 1099 478 quaecumque

71 499 163 543 causa
176 483 215 543 ad
228 482 339 544 licitum
352 485 538 546 reddendum
550 501 707 562 egressum
722 503 783 546 uon
797 488 906 548 sufficit
919 493 929 564 (
950 495 969 563 ).

102 639 140 704 (l)
157 639 216 692 Bul.
239 639 335 693 Decort'
354 641 380 692 S.
410 641 451 692 Pii
470 641 503 701 V,
529 644 557 694 et
575 641 738 695 Benedictus
755 641 831 704 XIV,
854 645 887 697 de
905 646 1004 712 Synod.
1021 647 1039 699 l.
1060 646 1097 707 tt,

75 725 98 762 c.
116 712 155 778 12,
169 727 195 764 n.
214 711 253 774 16,
267 717 293 764 et
306 726 382 779 seqq.

105 900 171 956 233.
188 895 326 957 similiter
339 896 397 956 alia
409 897 551 972 praedicta
563 900 667 974 regula
680 899 842 974 prohibens
862 900 973 960 exteris
988 902 1018 960 in
1031 918 1098 962 mo-

69 985 236 1046 nasterium
256 986 425 1061 ingressum
448 986 589 1047 limitatur
611 989 642 1047 in
665 1005 736 1047 casu
757 988 881 1064 alicujus
904 991 1098 1067 necessitatis,

71 1082 121 1135 aut
134 1073 268 1134 utilitatis
282 1074 374 1150 ipsius
387 1076 570 1149 monasterii,
587 1083 639 1136 aut
652 1077 803 1152 religionis
817 1080 868 1149 (l).
885 1078 959 1138 llinc
972 1087 1099 1155 possunt

69 1163 186 1240 ingredi
199 1162 312 1237 lledici,
327 1169 357 1222 et
381 1164 514 1240 Chirurgi
528 1165 566 1224 ad
581 1167 744 1226 curandam
759 1165 913 1226 llouialem
937 1167 1097 1243 infirmam,

71 1252 249 1313 confessarii
263 1253 302 1311 ad
320 1253 553 1314 administranda
574 1259 774 1329 sacramenta,
793 1255 917 1331 opifices
930 1256 969 1315 ad
983 1263 1097 1317 restau-

69 1341 200 1401 randum
215 1341 441 1416 monasterium,
468 1349 498 1402 et
520 1342 558 1402 ad
578 1344 737 1404 colendum
761 1343 943 1417 viridarium,
965 1345 1100 1406 notarius

72 1447 141 1490 cum
155 1429 281 1490 testibus
301 1429 339 1489 ad
364 1429 582 1491 conficiendum
606 1438 815 1492 testamentum
834 1431 952 1494 novitiae
972 1434 1099 1494 infirmae

71 1525 99 1580 et
112 1519 179 1580 aliis
192 1518 223 1577 in
242 1519 362 1579 casibus
380 1519 534 1594 similibus,
550 1521 604 1580 sed
622 1521 771 1597 praeclpue
789 1521 827 1580 ad
839 1521 1018 1582 visitandum
1031 1540 1097 1584 mo-

71 1608 234 1668 nasterium
252 1607 400 1683 Episcopi,
424 1615 455 1668 et
475 1607 650 1684 Superiores
662 1612 833 1685 Regulares,
848 1609 873 1669 si
886 1609 1025 1672 lloniales
1038 1612 1099 1676 sint

71 1702 228 1770 exemptae,
243 1695 336 1755 modo
353 1696 482 1757 visitatio
500 1703 661 1772 peragatur
682 1713 750 1757 eum
768 1698 910 1760 comitatu
923 1715 1096 1776 paucarum,

70 1783 231 1857 seniorum,
249 1790 280 1844 et
293 1783 499 1860 religiosarum
516 1801 713 1860 personamm
729 1789 780 1860 (i).

98 1940 134 2006 (l)
151 1939 212 1992 Non
224 1939 324 1992 sufficit
337 1954 418 1992 causa
430 1939 542 1992 docendi
552 1943 646 2004 artem,
661 1941 715 1994 nisi
729 1955 773 1993 ars
789 1941 1033 1995 essetmoussterio
1046 1957 1094 1996 ne·

71 2011 198 2070 cessaria,
213 2011 239 2062 S.
254 2013 293 2064 De
306 2012 413 2078 Ligurio
425 2013 443 2063 l.
461 2011 485 2070 7,
502 2025 529 2062 n.
545 2011 609 2072 2253
626 2026 676 2064 nec
689 2026 772 2064 cause
785 2013 931 2078 peragendi
946 2015 1027 2066 lunus
1040 2028 1096 2066 mo·

70 2083 149 2136 nlalis
165 2083 308 2142 deiunctae,
323 2083 429 2135 etiamsi
446 2084 554 2135 adesset
567 2085 740 2135 consuetudo.
755 2083 921 2137 Monacellus
936 2099 962 2152 p.
985 2086 1011 2144 l,¹
1024 2088 1043 2136 t.
1068 2085 1092 2146 9,

70 2154 118 2206 lor.
133 2157 161 2214 9,
174 2168 201 2206 n.
217 2155 249 2216 8;
268 2168 318 2206 nec
340 2168 421 2206 causa
434 2154 613 2206 benedicendi
630 2155 721 2214 cellas,
737 2161 783 2206 aut
806 2155 974 2207 exorcisandi
988 2157 1094 2208 monia-

71 2225 132 2278 lem.
150 2225 189 2277 ld.
211 2240 238 2291 p.
257 2226 280 2290 3,
298 2232 317 2277 t.
335 2228 356 2290 l,
371 2227 422 2277 lor.
438 2225 478 2290 li,
491 2239 519 2276 n.
533 2228 564 2288 2;
581 2240 631 2276 nec
648 2239 730 2278 causa
756 2227 930 2278 consecrandi
944 2227 1093 2294 Virginem.

69 2296 233 2350 Benedictus
246 2297 321 2356 xlv,
335 2298 402 2348 lust.
417 2297 466 2359 853
485 2311 536 2349 nec
548 2299 631 2348 causis
644 2296 783 2360 induendi,
798 2303 846 2349 aut
865 2299 975 2363 aptandi
989 2299 1095 2364 puellas

70 2367 177 2421 Christo
192 2369 403 2435 despumandas,
421 2367 578 2420 efformandi
594 2368 750 2434 imaginem.
763 2369 844 2434 vulgo
856 2369 978 2432 tt'trutto,
994 2372 1095 2422 monis·
1111 2369 1112 2372 ’

72 2438 112 2499 lis,
121 2446 171 2492 aut
185 2440 283 2504 puellae
297 2440 325 2490 in
335 2440 498 2491 monasterio
512 2439 661 2490 existentis.
669 2439 767 2504 Syncd.
779 2440 858 2492 dioec.
874 2440 995 2492 Ganuen.
1005 2441 1095 2494 Arch.

70 2510 185 2563 Gentilis
198 2527 223 2577 p.
240 2511 264 2569 3,
275 2525 298 2562 c.
312 2511 340 2572 ὃς
355 2524 406 2562 uec
419 2510 528 2562 demum
542 2523 625 2562 causa
643 2511 790 2574 reponendi
805 2511 834 2561 in
847 2511 905 2564 loco
924 2515 980 2563 tuto
1000 2515 1092 2579 conju·

69 2589 161 2646 getam
179 2596 195 2632 a
213 2582 271 2633 viro
293 2582 479 2633 divertentem.
504 2581 532 2632 S.
557 2581 596 2632 De
616 2581 722 2645 Ligurio
746 2582 764 2632 l.
783 2583 808 2645 7,
822 2596 849 2632 n.
863 2583 919 2634 225.
934 2611 965 2620 -
981 2583 1015 2647 (2)
1030 2584 1090 2635 Bul.

68 2651 163 2705 dubiis
186 2653 308 2718 Gregorii
327 2653 404 2720 Xlll.
421 2653 548 2702 Personas
565 2653 594 2702 in
619 2653 773 2702 clausuram
792 2653 994 2704 introducendae
1010 2667 1093 2706 cause

69 2724 232 2784 visitationis
244 2738 298 2775 non
312 2726 427 2790 possunt
437 2723 565 2774 excedere
578 2736 722 2773 numerum
739 2727 808 2786 octo,
823 2724 907 2776 Clam.
921 2724 1093 2779 Attendentes

70 2794 178 2846 desint.
194 2795 327 2856 monach.;
343 2809 458 2861 querum
472 2794 548 2844 nulla
557 2794 592 2844 sit
606 2793 755 2857 saecularis,
765 2796 818 2846 nisi
832 2796 859 2847 id
871 2798 1095 2862 requiratneces·

70 2866 135 2918 sitas
149 2866 312 2918 monasterii.
329 2866 394 2932 Cap.
411 2862 531 2930 lltjuata
545 2865 578 2917 de
595 2864 639 2916 oli.
657 2865 713 2916 ord.
729 2866 826 2917 Melius
840 2867 1094 2919 lamentacietvisi-

70 2939 150 3004 tator,
165 2939 213 3003 qui
225 2938 357 2988 minorem
368 2950 513 2988 numerum
529 2950 707 3002 personarum
722 2937 750 2988 in
765 2940 919 2990 clausurum
933 2939 1095 2992 introducet.

71 3008 238 3061 llonacellus
251 3022 279 3073 p.
295 3007 318 3068 3,
332 3014 351 3059 t.
365 3009 386 3067 l,
402 3008 418 3058 l.
434 3009 474 3067 ll,
487 3023 515 3058 n.
540 3009 578 3059 l6.
605 3009 691 3060 Immo
712 3009 736 3060 si
749 3009 838 3060 visitet
849 3011 992 3075 Regularis
1007 3012 1095 3076 Supe-

71 3079 124 3132 rior
139 3079 280 3133 Generalis
294 3079 396 3131 habere
415 3093 507 3130 secum
526 3080 625 3145 poterit
647 3081 715 3132 duos
738 3082 779 3132 sui
792 3081 902 3134 Ordinis
920 3082 1015 3141 socios,
1031 3089 1057 3134 et
1072 3083 1096 3134 si

72 3152 161 3204 visitet
174 3151 245 3202 elius
260 3165 325 3202 suus
345 3150 485 3216 delegatus
508 3154 612 3202 tantum
634 3165 718 3202 unum
738 3153 849 3204 tratrem
869 3154 971 3205 socium
994 3154 1095 3206 habere

71 3225 177 3287 poterit.
190 3223 219 3274 S.
232 3223 273 3273 De
285 3222 392 3286 Ligurio
415 3223 432 3272 l.
457 3223 481 3281 7,
505 3236 531 3272 n.
556 3223 610 3272 til.
637 3221 666 3272 Si
682 3237 746 3274 vero
762 3223 916 3289 Episcopus
930 3225 1097 3290 ingrediatur

71 3294 265 3347 monasterium
280 3307 312 3344 ex
323 3292 376 3344 alia
390 3307 481 3358 censa,
494 3306 576 3358 quum
589 3293 759 3358 visitationis,
782 3300 847 3359 puta
864 3295 898 3346 cd
914 3296 1030 3346 dandam
1048 3296 1096 3347 be-

72 3366 251 3417 sedictionem
266 3363 347 3415 alicui
365 3364 474 3414 moniali
501 3365 528 3414 in
556 3364 668 3415 articulo
692 3365 794 3424 mortis,
812 3366 856 3417 val
880 3366 914 3416 ad
934 3366 1095 3418 audiendam

72 3437 130 3498 s‘us
145 3435 351 3496 contessionem,
366 3435 447 3487 debet
469 3448 561 3486 secum
585 3435 683 3486 ducere
706 3436 905 3488 confessarium
930 3437 1096 3489 ordinarium

102 3506 238 3578 ,spatarii
262 3510 290 3558 at
308 3505 391 3558 alium
407 3507 523 3571 probum
543 3506 725 3560 Sacerdotem.
742 3508 769 3560 S.
790 3508 872 3576 (long.
897 3508 927 3562 iu
944 3507 1093 3564 umnam.

76 3561 179 3636 caua
194 3577 263 3640 inv,
279 3578 324 3631 au.
336 3591 353 3631 a
366 3577 476 3632 uinua-
490 3591 554 3644 pag.
567 3577 623 3628 roa.

181 3663 206 3722 1.
958 3668 987 3725 ll
