2490 4088
532 227 674 284 ..39-

91 347 225 423 tmusto,
233 349 330 424 justo,
342 348 497 425 pesetottts,
518 351 681 410 secundiaco
701 357 857 426 coturno,
880 353 1043 414 suecedmn
1062 371 1117 431 po-

91 438 152 495 tria
160 438 415 508 consuetudieem,
428 438 487 498 loco
499 441 676 516 temporique
683 442 865 515 moventem,
877 444 1053 518 necessario,
1062 443 1118 504 uti

90 525 135 599 tis,
151 527 317 602 manifesto
330 545 453 604 petoque,
474 545 511 588 ne
533 529 647 604 aliquid
657 547 710 606 per
723 529 931 590 obscuritatem
953 533 987 591 in
1010 533 1117 608 captio-

87 629 154 674 nem
167 617 330 692 contiueat,
344 618 395 676 sed
401 633 456 694 pro
469 618 737 678 mnrmuoieioe'eun
747 619 875 679 utilitate
884 622 1047 698 conscripto
1063 624 1073 693 (
1092 627 1113 694 ).

115 763 151 829 (t)
165 764 236 818 can.
251 765 278 829 l,
292 765 356 818 dist
370 766 575 820 euocandum
589 767 623 820 de
638 767 744 833 legibus
758 767 958 832 ecclesiasticis,
972 768 1114 822 sedetiam

86 835 118 888 de
131 837 264 888 civilibus
276 836 420 890 dicendum
434 842 485 902 est,
504 853 565 906 quee
584 839 638 904 legi
651 838 770 890 naturali
782 843 920 904 nequount
930 854 990 892 esse
1009 844 1113 892 contra·

86 908 141 958 riae.
166 907 237 960 Ideo
258 907 386 960 damnata
404 910 455 962 init
476 909 631 977 propositio,
645 924 707 976 queo
721 910 882 975 simpliciter
900 923 917 962 a
932 915 1004 963 statu
1023 911 1114 976 reipu-

85 977 163 1030 blicee
187 993 272 1032 omne
292 980 402 1034 deducit
422 983 470 1046 jus
494 981 579 1034 nullis
602 979 839 1048 circumscriptum
851 981 992 1036 limitibus.
1010 982 1114 1050 Syllab-

86 1063 160 1116 prop.
174 1051 218 1104 39.

118 1233 165 1290 31.
184 1235 251 1291 Lex
264 1247 285 1291 o
299 1229 457 1307 Superiore
471 1230 620 1308 provenit,
636 1248 696 1308 quo
709 1231 831 1292 nomime
845 1229 875 1290 in
889 1230 1019 1291 demate
1040 1229 1115 1307 legis

84 1318 262 1380 tmiversalis
285 1326 401 1380 tantum
422 1325 561 1381 summus
574 1320 720 1394 Pontifex,
739 1327 770 1381 ct
794 1319 957 1380 concilium
974 1320 1112 1395 generale

85 1407 252 1484 legitimum
271 1408 443 1485 intelligitur
466 1414 522 1482 (t),
543 1409 574 1468 in
596 1409 727 1470 themate
740 1426 813 1469 vero
832 1407 906 1484 legis
926 1407 1112 1485 particularis

88 1498 258 1576 proaliquo
272 1500 351 1573 loco,
366 1499 515 1574 certisque
527 1498 663 1574 negotiis,
678 1498 880 1574 intelliguntur
899 1497 999 1574 Legati
1012 1497 1110 1558 Ponti-

86 1588 320 1665 ficis,'Episcopi,
337 1587 677 1664 conciliaperticularie,
698 1586 853 1648 interiores
874 1587 999 1662 Praelati,
1013 1593 1044 1648 et
1057 1592 1111 1672 Ce-

84 1675 172 1752 pitulo
182 1678 402 1739 cathedralium
416 1681 467 1752 (2).

118 1771 263 1828 Summus
278 1767 412 1827 Pontifex
431 1772 585 1842 tamquam
605 1765 711 1826 Christi
733 1765 903 1827 viceriueet
916 1771 1019 1828 Pastor
1041 1766 1108 1828 uni-

86 1857 209 1917 versalis
234 1857 370 1916 omnium
394 1856 505 1928 ovium,
522 1862 552 1915 et
572 1862 728 1932 pastorum
746 1873 785 1916 ex
801 1857 868 1933 jure
886 1857 986 1916 divino
999 1856 1110 1932 plenis-

89 1944 188 2006 simam
204 1947 297 2007 habet
311 1947 393 2022 teges
412 1945 537 2019 terendi,
552 1950 583 2005 et
593 1944 745 2020 judicandi
759 1962 817 2022 pro
836 1951 900 2005 toto
914 1945 987 2006 orbe
1005 1947 1106 2006 catho-

88 2034 141 2095 lieo
155 2043 348 2114 potestatem,
362 2051 452 2112 quam
465 2051 609 2095 exercere
631 2035 707 2094 solet
725 2035 756 2094 in
776 2033 962 2111 gravioribus
980 2035 1107 2112 negotiis

85 2127 264 2202 pernotus,
285 2132 315 2187 et
337 2124 368 2185 in
389 2124 551 2186 levioribus
572 2141 627 2202 per
648 2124 754 2186 Breoio
767 2127 820 2200 (3),
842 2125 891 2185 vel
909 2141 965 2201 per
981 2129 1107 2186 Decreta

85 2217 129 2275 ss.
143 2215 426 2292 congregationum.

110 2355 143 2422 (t)
156 2355 409 2409 Animadvertimus
431 2359 528 2421 tamen,
551 2354 693 2407 concilium
712 2353 838 2420 generale
855 2367 910 2406 non
927 2353 1028 2408 hebere
1048 2356 1104 2408 mm

84 2428 280 2480 condendarum
301 2428 392 2492 legum
411 2427 440 2480 in
453 2441 493 2492 se,
509 2427 557 2480 aed
574 2441 590 2478 a
609 2440 714 2478 summo
731 2425 877 2478 Pontifica:
891 2439 955 2476 nam
971 2427 994 2478 si
1008 2427 1101 2480 Ponti-

21 2517 22 2520 *
83 2495 136 2549 teia
149 2500 299 2552 auctoritas
313 2499 426 2550 concilio
441 2499 520 2559 desit,
538 2498 613 2564 leges
630 2498 725 2563 nequit
743 2497 867 2561 condere,
887 2511 949 2563 qum
961 2499 1103 2552 universos

85 2568 198 2634 obligent
212 2571 316 2622 fideles.
332 2567 418 2622 Bouix
431 2571 509 2622 tract.
526 2570 559 2621 de
573 2570 660 2635 princ.
668 2573 725 2635 jur.
735 2583 792 2620 ean.
804 2571 875 2636 part.
887 2570 912 2632 2,
926 2574 991 2622 sect.
1007 2569 1030 2635 1,
1043 2584 1066 2624 c.
1075 2573 1101 2623 5.

82 2663 109 2677 ·-
122 2643 156 2707 (l)
170 2643 299 2708 Capitule
321 2641 499 2694 ecclesiarum
515 2641 718 2693 ¹cathedralium
738 2640 839 2692 habere
857 2645 1019 2706 potestatem
1041 2655 1103 2694 con·

84 2709 156 2764 dendi
169 2715 247 2778 leges
261 2721 382 2779 tempore
396 2713 559 2779 episcopalis
574 2712 647 2764 sedis
660 2713 780 2763 vacantis
791 2712 1102 2764 indubitatumestmem

83 2785 195 2849 capitula
208 2785 260 2836 hoc
273 2798 335 2835 casu
348 2798 454 2836 omnem
471 2789 672 2850 consequuntur
681 2783 844 2834 ordinariam
854 2783 973 2848 episcopi
986 2785 1101 2849 jurisdi-

83 2856 200 2920 ctionem,
211 2859 244 2906 ut
263 2856 335 2906 intre
347 2855 500 2908 videbimus
512 2870 539 2906 n.
557 2856 602 2906 195
615 2873 621 2914 ;
636 2855 685 2906 sed
699 2855 781 2906 etiem
794 2859 916 2920 tempore
928 2855 1000 2906 sedis
1013 2855 1102 2922 plenu

83 2922 359 2992 habent-potestatem
381 2927 478 2979 edendi
503 2926 686 2980 ordinationes
706 2931 733 2978 et
753 2929 859 2989 stetute,
881 2940 942 2992 quae
957 2927 1102 2991 respicient

81 2994 163 3060 ipsum
185 2999 297 3062 capituti
316 3013 423 3064 corpus,
438 3002 465 3050 et
484 3011 561 3050 suam
580 2997 731 3062 ecclesium,
755 3002 782 3050 et
804 2997 926 3048 clericos.
949 2997 1008 3048 Hec
1023 2998 1057 3049 de
1071 3013 1101 3050 re

83 3070 178 3132 egimus
202 3071 231 3120 in
245 3069 298 3121 alio
321 3083 411 3134 opere,
432 3069 504 3136 quod
519 3069 696 3120 inscribitur:
714 3068 805 3121 Brevis
826 3067 952 3120 Theorieo
966 3072 991 3121 et
1004 3069 1102 3122 Proteia

81 3137 173 3192 neorii
196 3139 357 3204 eopttotorts
376 3155 391 3191 a
409 3155 437 3191 n.
458 3141 488 3191 19
509 3139 543 3190 ad
562 3140 601 3204 tt,
621 3140 746 3205 quodque
761 3140 930 3202 confidimus,
942 3139 998 3190 Deo
1012 3141 1100 3204 opitu-

81 3204 155 3274 lante,
169 3225 250 3276 posse
264 3225 315 3262 nos
329 3212 505 3276 imposterum
522 3211 658 3276 evulgare.
673 3240 703 3248 -
717 3211 752 3275 (3)
765 3211 862 3262 Brevia
875 3225 891 3260 u
903 3209 1032 3262 brevibus
1040 3225 1100 3262 vcr-

80 3276 125 3346 his,
141 3283 243 3348 quibus
256 3283 345 3334 solent
362 3283 477 3347 concipi,
497 3283 541 3334 vel
560 3296 577 3334 a
595 3283 673 3334 brevi
688 3281 812 3343 materia,
828 3284 874 3331 aut
895 3281 1011 3345 negotio,
1028 3281 1100 3348 quod

81 3350 211 3417 traotmur,
231 3354 410 3421 appellentur,
431 3353 532 3419 quihus
554 3354 673 3418 sigillum
694 3367 764 3406 cerae
788 3353 879 3402 rubrae
894 3351 1057 3418 adjungitur,
1072 3357 1099 3404 et

79 3425 188 3477 annulus
207 3425 354 3490 piscatoris
379 3425 486 3488 dicitur,
513 3425 578 3492 quie
602 3426 634 3475 D.
657 3426 731 3476 Petri
754 3424 930 3491 piscationem
949 3425 1099 3476 exercentis

79 3489 217 3560 imaginem
240 3496 332 3546 refert.
356 3495 444 3546 Bultae
468 3510 531 3546 vero
555 3495 731 3561 appellantur
752 3509 768 3545 a
787 3494 876 3558 sigillo
896 3494 1032 3560 plumbeo,
1053 3495 1097 3546 vel

80 3573 152 3617 aureo
170 3569 384 3631 representante
398 3567 462 3617 hinc
478 3567 523 3618 SS.
539 3567 613 3618 Petri
630 3570 657 3618 ct
671 3566 750 3618 Pauli
765 3566 906 3630 imagineS,
921 3567 983 3619 inde
998 3580 1098 3618 nomen

79 3639 209 3700 regnantis
222 3637 372 3702 pontificis,
388 3638 461 3704 quod
471 3651 504 3690 ex
518 3638 673 3704 Apostolico
687 3637 756 3702 legis
769 3637 1010 3704 chirographo'per
1022 3637 1096 3688 tuni-
