2566 4102
590 127 712 184 ..3-

147 243 266 322 premia,
279 260 440 323 poenaeque
452 261 514 306 nou
528 247 702 308 sanciuntur
714 246 771 308 nisi
791 247 884 310 libere
897 249 1013 332 agenti,
1026 256 1057 312 et
1073 257 1160 314 aeter·

145 349 186 395 uae
202 351 265 396 esse
291 341 457 411 nequeunt,
481 335 538 396 nisi
553 335 652 397 anima
669 337 798 398 hominis
818 337 856 399 sit
869 337 1053 400 immortalis.
1070 347 1160 402 luxu

144 421 279 500 triplicem
297 425 479 485 naturalium
502 424 672 486 officiorum
691 425 877 501 divisionem,
897 428 926 487 in
951 446 987 488 es
1007 428 1157 504 nimirum,

146 530 204 590 quae
215 513 322 574 dantur
332 531 404 590 erga
415 519 518 590 Deum,
532 531 604 591 erga
618 532 650 574 se
664 515 756 591 ipsos,
772 523 801 576 et
819 517 989 592 arguelles,
1013 517 1069 577 tria
1088 525 1158 580 sunt

142 603 200 679 ejus
224 603 367 680 primaria
393 611 570 680 praeoepta:
595 611 633 663 lm
661 604 842 682 Religionem
869 606 1033 691 praecipit:
1063 607 1159 668 Deum

141 693 194 753 tole
205 696 259 766 (tlt
274 699 315 752 2¹⁶
329 699 521 762 llonestetem
534 693 602 753 vitae
619 693 810 755 commendet
831 713 837 754 :
854 694 975 756 baltea
992 697 1116 771 amolo,
1130 705 1159 758 et

139 784 301 858 durbonum
319 785 361 858 (5)
382 801 388 843 :
409 787 448 843 3¹³
466 782 611 856 {ustitiam
629 789 658 842 et
678 799 813 844 amorem
826 801 897 860 erga
912 784 985 845 alios
1005 783 1155 862 imperat:

141 871 215 942 Quod
223 872 272 932 tibi
281 889 345 933 oon
353 871 396 932 uis
409 871 485 946 fiori,
496 869 584 931 ulteri
594 887 632 931 ne
641 871 745 946 sorios,
757 879 783 931 ot
794 872 923 932 eleusim
933 876 984 945 (6).
996 873 1157 945 Qualitates

48 944 55 967 '
140 961 267 1038 denique,
287 961 397 1038 quibus
407 960 446 1021 ab
461 959 524 1020 aliis
531 960 649 1036 juribus
661 959 851 1037 distinguitur
861 969 941 1036 suut,
954 969 988 1022 ut
997 962 1035 1022 sit
1048 980 1154 1024 neces·

138 1050 247 1125 sanum,
261 1050 431 1110 universale
441 1054 473 1108 et
482 1048 668 1109 immutabile
682 1054 733 1123 (7).

169 1143 208 1198 llx
227 1141 294 1216 jure
323 1137 449 1198 naturali
466 1155 525 1216 ope
543 1137 667 1198 rationis
684 1139 824 1198 effectum
852 1144 897 1198 est
924 1138 978 1198 lus
997 1137 1146 1218 Gentiana,

139 1220 211 1296 quod
225 1227 271 1280 est
282 1218 381 1296 ipsum
396 1219 446 1294 ius
456 1219 591 1279 naturale
605 1234 665 1278 non
680 1217 802 1294 singulis
826 1217 1005 1292 bominibus,
1024 1219 1078 1279 sed
1097 1237 1152 1296 po·

135 1307 215 1384 pulis,
227 1306 377 1385 gentibus,
393 1307 536 1384 imperiis,
552 1323 717 1384 eorumque
738 1305 921 1383 principibus
942 1310 1154 1370 accommode·

134 1403 260 1474 tumpro
283 1392 388 1457 mutu‘o
410 1395 601 1470 commeroiO,
621 1395 790 1472 mutuisque
808 1395 1002 1471 imperiorum
1025 1413 1154 1459 commo

134 1486 183 1547 die.
203 1491 254 1547 list
266 1485 404 1562 proiecto
417 1486 558 1561 populus,
572 1491 623 1546 aut
634 1485 714 1545 natio
729 1501 859 1560 persona
879 1485 1011 1559 murelle,
1034 1503 1100 1563 quae
1114 1487 1153 1548 ad

133 1574 198 1635 alias
210 1575 302 1635 habet
311 1580 340 1634 et
350 1576 429 1650 jura,
444 1581 474 1634 et
487 1573 683 1650 obligationes
697 1593 704 1632 :
719 1579 750 1634 et
770 1573 839 1634 ideo
860 1577 893 1634 ut
905 1573 992 1634 detur
1005 1575 1055 1650 ius
1070 1582 1154 1636 uatu-

132 1665 189 1724 rale
210 1664 363 1737 bominis,
382 1663 424 1722 its
444 1663 509 1723 dari
527 1663 618 1724 debet
632 1663 682 1739 jus
698 1663 835 1722 naturale
855 1663 983 1739 imperii,
1012 1663 1074 1723 sive
1099 1665 1149 1740 ius

130 1752 267 1814 Gentium.
283 1752 368 1812 Unde
387 1770 405 1812 a
428 1767 501 1811 vero
522 1757 583 1810 toto
603 1752 681 1811 ooelo
699 1750 850 1824 aberrant,
870 1750 921 1826 qui
937 1752 986 1826 jus
1004 1749 1150 1825 Gentium,

129 1843 185 1902 sive
195 1843 245 1919 Jus
257 1840 503 1913 internetionolo,
515 1847 549 1900 ut
562 1856 644 1900 nune
662 1838 775 1914 dicunt,
790 1839 949 1900 admittunt
962 1842 1073 1902 anullo
1083 1843 1151 1916 jure

127 1929 249 1990 naturali
261 1930 466 2003 informatum,
479 1928 570 2005 idque
579 1928 690 1989 habent
703 1935 857 2006 tamquam
870 1927 1016 2004 originem
1033 1937 1064 1991 et
1082 1931 1148 1991 lou-

125 2017 323 2080 temomnium
335 2018 448 2096 jurium
466 2020 522 2092 (9)·

151 2153 183 2220 (l)
200 2153 256 2206 Sed
274 2151 394 2205 humana
412 2152 480 2204 ratio
497 2151 556 2204 sine
577 2149 680 2218 praevia
704 2149 842 2202 voluntate
860 2150 909 2202 liei
927 2163 982 2202 nou
1001 2151 1102 2203 suffieit
1115 2152 1150 2205 ad

122 2223 166 2278 Jus
181 2225 308 2276 naturale
325 2223 549 2277 constituendum.
566 2223 631 2289 lpse
646 2223 728 2288 plane
744 2223 952 2274 instrumentum
967 2227 1009 2274 est
1025 2224 1149 2290 publiea-

121 2297 197 2349 tionis
209 2298 293 2363 juris,
309 2311 364 2348 non
380 2297 469 2363 ipsum
483 2297 539 2362 jus,
558 2295 631 2360 quod
644 2309 699 2347 nou
712 2295 741 2345 iu
755 2308 794 2358 sa,
810 2294 857 2346 ssd
878 2295 906 2345 in
920 2295 976 2346 Deo
990 2299 1094 2348 tautum
1107 2297 1148 2348 vi·

120 2367 180 2421 dere
205 2371 305 2434 potest.
325 2368 389 2420 ideo
414 2381 531 2432 sequens
549 2365 645 2422 merito
661 2370 753 2418 notata
770 2367 821 2417 fuit
837 2366 1066 2418 rationalistarum
1084 2381 1148 2435 pro·

119 2440 214 2505 positio
228 2460 235 2489 ι
249 2438 378 2492 Humano
391 2438 474 2501 ratio,
487 2437 562 2490 nullo
576 2450 685 2503 prorsus
698 2436 747 2490 Det
760 2439 879 2502 respectu
892 2435 991 2498 habito,
1007 2437 1102 2491 eumue
1111 2441 1149 2492 oet

118 2510 172 2563 ueri
183 2514 210 2564 et
228 2509 303 2575 futei,
318 2509 380 2562 boni
402 2513 427 2563 ot
446 2509 514 2561 muli
533 2509 650 2571 orbitam
672 2508 724 2560 sibi
740 2507 792 2573 ipsi
809 2512 847 2561 est
865 2507 916 2572 lea,
936 2511 961 2561 et
976 2509 1148 2562 naturalibus

117 2581 287 2635 subnitimur
311 2581 348 2633 od
367 2580 507 2633 bominum
528 2581 553 2632 et
573 2579 733 2646 populorum
754 2579 853 2632 bonum
865 2579 1018 2632 rorandum
1036 2579 1147 2646 sumat.

117 2652 215 2718 Syllab.
232 2665 310 2718 prop.
326 2653 350 2704 3.
365 2679 397 2690 -
415 2653 450 2716 (¹2)
463 2652 557 2703 Poenas
579 2656 607 2703 et
626 2651 740 2716 praemia
758 2657 860 2706 aeterna
877 2651 906 2702 in
928 2650 1020 2702 diviua
1041 2651 1146 2702 revela·
1202 2663 1210 2672 “

117 2723 183 2776 tione
197 2723 344 2785 habentur,
359 2737 421 2776 oum
435 2722 584 2774 erratione
598 2722 700 2788 liquido
715 2725 828 2783 ooustet,
843 2735 897 2773 nou
910 2735 971 2774 ssss
985 2721 1080 2773 vitium
1092 2722 1145 2774 sibi

115 2795 253 2846 sufficiens
267 2795 443 2861 supplicium,
465 2807 553 2858 neque
571 2793 698 2844 virtutem
717 2793 770 2844 sibi
789 2794 933 2857 praemium
954 2793 1098 2844 sufficiens.
1115 2819 1147 2831 -

115 2865 146 2930 (3)
167 2867 248 2918 Unde
275 2867 424 2931 propositio
448 2865 583 2916 contraria
600 2865 636 2915 itu
663 2868 807 2928 concepta:
828 2861 933 2915 Morum
958 2863 1025 2929 lepos
1049 2863 1144 2918 diuina

28 2927 29 2932 ’
113 2933 183 2990 houd
196 2938 274 3002 cpont
289 2936 438 2998 sanctione,
457 2934 621 3001 minimeque
635 2947 700 3001 opta
717 2936 763 2997 eet,
778 2937 808 2988 ot
820 2932 944 2987 humana
958 2935 1033 3000 lepos,
1052 2937 1078 2988 et
1091 2949 1142 2988 na·

114 3010 176 3060 tura
194 3011 244 3073 jau
261 3008 465 3074 confirmentur,
480 3009 528 3060 aut
552 3005 691 3072 otlipandi
711 3007 768 3058 vim
786 3019 804 3058 a
819 3005 872 3060 Deo
892 3005 1038 3072 oodpiont,
1058 3020 1145 3071 nuper

81 3135 84 3143 ¹
114 3078 238 3130 damnata
252 3079 312 3130 luit.
327 3080 429 3144 Syllab.
444 3091 523 3143 prop.
538 3079 615 3128 56.-
627 3077 661 3142 (tl
678 3078 787 3129 Deuter.
800 3091 822 3128 o.
839 3078 863 3128 5.
875 3076 988 3129 etloan.
1003 3091 1026 3128 c.
1040 3077 1142 3147 t-(t)

112 3149 189 3202 Prov.
204 3165 228 3202 c.
244 3149 422 3214 ³.-(6)Tob.
437 3149 451 3200 4
464 3154 490 3200 et
504 3149 598 3199 Metth.
610 3163 632 3199 c.
650 3147 673 3199 l.
687 3147 818 3200 Triahaeo
830 3153 966 3214 praecepta
980 3148 1144 3213 respondent

113 3221 164 3272 illis
175 3221 275 3284 tribus,
285 3234 347 3286 quae
360 3221 471 3272 luerunt
484 3217 661 3270 adustiuiano
674 3219 833 3284 imperatore
844 3219 924 3282 edita,
935 3218 1047 3284 seilicet,
1057 3219 1142 3270 hone·

113 3297 150 3344 sla
163 3293 235 3356 vive,
250 3291 388 3344 neminem
403 3291 479 3355 laede,
495 3304 574 3342 suum
589 3291 748 3356 cuicumque
763 3290 862 3352 tribue,
878 3289 926 3353 fid.
943 3289 1009 3346 lust.
1024 3289 1057 3342 ds
1070 3289 1140 3342 lust.

112 3368 211 3432 stjur.;
226 3369 255 3416 et
268 3367 333 3416 sunt
345 3378 394 3430 per
412 3377 442 3414 se
458 3362 601 3414 evidentia.
616 3363 653 3414 At
662 3362 836 3414 vehementer
853 3361 1007 3427 dolendum,
1022 3362 1142 3426 perditos

111 3441 195 3502 nostri
221 3439 353 3505 temporis
375 3437 499 3490 homiues
518 3436 562 3488 his
581 3437 741 3503 justissimis
770 3436 912 3504 principiis
937 3436 992 3490 alia
1015 3438 1094 3503 salse,
1114 3440 1142 3490 et

112 3509 296 3566 intensissime
316 3509 500 3573 substituisse,
536 3509 639 3561 seilicet
668 3507 759 3561 divino
790 3507 874 3561 cultui
906 3508 1085 3569 Atheismum,
1113 3511 1140 3562 et
