2490 4088
609 101 821 214 -—llll··-⁸
1225 189 1226 270 1

172 274 277 335 donari
297 276 640 353 quoadproprietatem,
657 279 745 338 etiam
763 279 918 338 usufructu
940 277 978 335 ad
991 276 1087 336 vitam
1103 293 1202 336 reser-
1225 283 1226 300 ³

173 370 257 436 vato,
272 381 329 424 aec
343 363 462 425 vinculo
476 366 652 441 hypothecae
665 365 779 441 subiici,
793 365 849 424 nisi
863 365 1005 440 praedicta
1019 365 1143 424 cautela
1157 365 1204 423 ab·

173 458 300 526 servata,
316 449 459 528 qnantum
473 454 511 513 ad
521 456 572 530 jus
586 455 764 515 canonicum
777 460 900 530 spectat.
916 459 951 514 Et
965 460 1118 530 quatenus
1139 454 1203 527 quis
1225 515 1226 520 γ

172 539 210 600 sit
224 540 324 601 clerici
339 541 478 617 creditor,
490 549 587 619 potest
601 550 716 604 tantum
729 543 842 603 reditus
858 559 920 603 suae
932 539 1146 616 sustentationi
1155 557 1202 598 su·
1225 553 1226 592 1

172 629 303 705 perfluos
316 638 462 706 repetere,
476 638 506 692 et
520 639 729 708 postmortem
744 633 809 708 ejus
821 632 955 707 recipere
968 631 999 690 in
1013 633 1161 700 solutum,
1177 634 1204 686 et
1225 649 1226 702 j

171 718 302 778 vendere
313 719 362 795 jus
376 719 432 778 sibi
446 725 618 797 competens
632 721 661 780 in
686 721 784 796 ipsum
797 717 1019 796 patrimonium,
1038 717 1126 793 quod
1140 721 1205 790 post

172 813 301 867 mortem
314 807 441 868 ordinati
449 809 488 868 ad
497 809 561 884 eJ'us
570 809 704 868 haeredes
717 808 870 868 transferri
883 808 1017 877 deberet,
1033 805 1076 864 uti
1092 811 1143 864 est
1152 804 1204 862 ob·
1225 813 1226 830 1

174 895 354 956 servandum
367 912 406 954 ex
422 896 557 971 pluribus
577 901 605 956 S.
621 895 863 973 congregationis
878 893 1078 956 decisionibus
1091 891 1205 970 passim

173 984 376 1068 abactoribus
390 983 487 1044 citatis
501 988 512 1056 (
531 991 553 1054 ).

211 1071 362 1132 Ordinatio
380 1071 508 1148 denique
522 1073 560 1132 ad
572 1072 690 1132 titulum
703 1073 887 1149 paupertatis
900 1072 989 1131 habet
1002 1073 1118 1140 locum,
1136 1083 1203 1127 cum
1225 1069 1226 1074 ’

176 1161 272 1237 agitur
284 1162 322 1221 de
336 1161 529 1238 Regularibus
540 1161 691 1238 professis,
702 1167 732 1221 et
745 1161 864 1236 quidem
877 1161 971 1220 valide
983 1157 1141 1236 professis,
1155 1155 1202 1232 qui

176 1250 343 1310 cautionem
357 1267 413 1326 pro
427 1251 552 1310 honesta
566 1251 780 1309 sustentatione
799 1249 829 1308 in
849 1266 954 1308 eorum
969 1249 1126 1324 religione,
1141 1246 1202 1304 sive

173 1339 354 1400 monasterio
376 1339 496 1412 habent,
520 1355 537 1398 a
561 1355 620 1414 quo
636 1344 789 1414 nequeunt
803 1339 921 1413 expelli.
936 1339 994 1396 Sed
1007 1337 1065 1396 hoc
1079 1335 1199 1411 privile-

173 1429 256 1505 gium
270 1444 331 1487 non
347 1427 517 1487 extenditur
529 1427 568 1486 ad
581 1426 726 1500 novitiae,
751 1441 848 1502 neque
868 1426 905 1486 ad
920 1425 1056 1499 clericos,
1070 1424 1125 1500 qui
1139 1423 1201 1482 sine

173 1517 298 1577 solemni
322 1515 508 1610 professione
527 1513 631 1574 urunt
648 1514 679 1574 in
705 1514 864 1586 communi,
888 1514 1043 1590 nequead
1063 1529 1129 1586 eoa,
1153 1509 1200 1586 qui

173 1604 391 1680 professionem
404 1603 566 1663 emiserunt
580 1604 619 1663 ad
639 1609 767 1679 tempus,
783 1602 894 1678 quique
915 1603 1014 1686 adbuc
1032 1619 1072 1661 ex
1093 1617 1198 1660 mona-

174 1693 266 1752 sterio
280 1692 389 1767 expelli
409 1698 544 1767 possunt,
567 1691 702 1767 exceptis
723 1690 877 1766 Religiosis
897 1689 1051 1752 societatis
1071 1695 1154 1764 lesu,
1168 1693 1199 1746 ut

174 1780 276 1840 statuit
290 1785 319 1840 S.
335 1780 436 1841 Piusv
451 1785 521 1854 (10).

200 1919 236 1984 (1)
251 1917 321 1971 Olim
335 1917 430 1970 titulus
446 1919 623 1970 ordinationis
646 1923 705 1971 erat
718 1920 849 1984 Ecclesia,
864 1919 907 1971 cui
929 1919 1071 1970 ordinatus
1097 1915 1197 1970 adscri-

170 1990 296 2052 bebatur,
312 2003 393 2056 aqua
409 1991 512 2056 absque
528 1991 569 2041 sui
585 1991 712 2058 Episcopi
736 1992 845 2043 licentia
859 1991 997 2042 discedere
1021 1991 1140 2054 amplius
1154 2001 1195 2038 aa·

171 2061 274 2127 quibat.
288 2060 359 2112 Hinc
375 2061 514 2112 ordinatus
528 2061 656 2112 Ecclesiae
669 2067 828 2128 perpetuum
846 2062 991 2113 exhibebat
1008 2062 1194 2116 ministerium,

171 2138 198 2183 et
212 2131 333 2183 Ecclesia
347 2131 469 2182 ordinato
485 2133 548 2182 vitae
570 2134 724 2184 necessaria
738 2147 826 2198 usqua
852 2134 886 2183 ad
911 2137 1025 2183 mortam
1044 2130 1195 2198 suppedita·
1212 2127 1221 2151 ‘

171 2204 227 2254 bat.
243 2231 271 2240 -
285 2203 320 2268 (2)
330 2203 401 2253 Trid.
415 2202 489 2254 Sess.
499 2204 539 2266 tt,
553 2217 576 2255 c.
586 2204 611 2266 2,
629 2204 662 2254 de
673 2205 722 2254 rei.
741 2231 765 2242 ·-
776 2205 812 2268 (3)
823 2205 897 2254 Trid.
909 2203 968 2254 eod.
981 2204 1034 2254 loc.
1050 2231 1079 2240 -
1092 2203 1129 2267 (t)
1139 2201 1192 2250 Mo-

171 2273 292 2326 naoellus
306 2277 346 2324 tit.
363 2274 401 2336 13,
416 2274 465 2324 for.
482 2279 505 2336 3,
520 2289 547 2324 n.
566 2275 603 2325 ll.
625 2301 655 2312 -
670 2275 705 2340 (5)
719 2275 841 2326 Earraris
855 2276 883 2325 in
899 2275 982 2326 verbo
995 2273 1193 2326 distributiones

172 2349 223 2398 art.
242 2347 251 2396 i
268 2347 297 2395 in
311 2349 366 2396 not.
381 2359 408 2395 n.
423 2346 460 2396 11.
475 2372 505 2383 -
519 2345 554 2410 (6)
570 2346 643 2397 Trid.
661 2347 723 2398 eod.
742 2345 792 2397 loc.
803 2347 856 2397 Per
869 2345 920 2396 hoc
937 2348 1087 2396 correctum
1103 2348 1144 2396 est
1154 2355 1192 2392 ca-

167 2419 216 2482 put
230 2415 260 2467 23
278 2416 311 2468 dc
327 2417 492 2482 praebendis,
509 2417 557 2467 ubi
572 2417 745 2468 Innocentius
756 2417 798 2467 Ill
812 2417 953 2481 Episcopis
974 2419 1154 2476 concesserat,
1166 2413 1193 2463 ut

171 2501 356 2553 quoscumque
370 2489 479 2551 vellent,
497 2491 607 2552 possent
622 2487 734 2539 clericos
748 2489 782 2539 ad
803 2489 911 2539 titulum
924 2487 1079 2552 patrimonii
1092 2498 1193 2551 promo·

172 2572 243 2610 vere.
259 2559 390 2610 Salutaris
414 2559 465 2609 fuit
479 2559 538 2608 haec
559 2559 709 2609 Tridentini
723 2559 895 2625 praescriptio
911 2579 917 2608 ι
942 2573 1005 2608 nam
1019 2571 1112 2608 omnes
1130 2554 1194 2607 ardi-

112 2669 133 2696 (
174 2631 296 2681 nationes
308 2631 365 2681 lteri
378 2630 478 2680 debant
491 2631 519 2680 in
533 2631 685 2692 utilitatem,
696 2633 738 2680 vel
750 2630 964 2680 commoditatem
978 2630 1194 2690 Ecclesiae,num·

175 2715 256 2767 quarn
270 2715 333 2752 varo
349 2702 378 2752 in
394 2702 562 2755 commodum
585 2703 730 2766 privatum.
747 2701 826 2752 Unde
847 2701 890 2752 hic
914 2701 1008 2750 titulus
1029 2700 1193 2765 dispensato-

176 2773 232 2822 rius
248 2771 356 2834 dicitur,
369 2774 406 2822 ita
420 2774 448 2822 in
461 2785 517 2822 una
538 2767 657 2824 Satanan.
679 2771 710 2822 28
727 2773 779 2836 jul.
803 2772 872 2823 1838,
886 2799 917 2810 -
933 2772 968 2835 (1)
991 2771 1032 2822 Ex
1046 2771 1193 2822 dioecesana

175 2843 311 2893 Genuensi
324 2843 429 2916 Synodo
443 2843 529 2894 Emin.
546 2843 624 2893 Card.
640 2843 736 2892 Tadini
752 2843 853 2893 reditus
873 2855 979 2894 annuus
993 2841 1147 2906 patrimonii
1157 2853 1193 2889 eo·

173 2913 316 2965 clasiastici
330 2913 410 2964 debat
424 2927 483 2964 esse
497 2914 650 2964 libellarum
663 2913 816 2965 bisacutam
827 2913 1022 2979 quinquaginta
1037 2914 1077 2963 tit.
1096 2913 1132 2974 lb,
1147 2911 1189 2974 (9.

172 2986 205 3036 In
219 2985 280 3036 aliis
293 2985 457 3036 dioecesibus
472 2986 645 3036 determinari
658 2985 740 3036 debet
754 2999 860 3035 summa
874 2985 908 3035 ad
928 2985 955 3033 id
976 2983 1140 3040 necessaria,
1155 2979 1192 3032 val

173 3061 264 3108 ataxa
274 3057 409 3121 sydonali,
425 3058 494 3108 vela
507 3056 708 3116 consuetudine,
723 3061 754 3106 ut
769 3055 935 3122 praescripsit
948 3055 1123 3106 Innocentius
1136 3051 1192 3113 Xll,

173 3129 202 3178 in
214 3127 271 3178 bul.
285 3127 428 3192 apostolici
439 3127 595 3180 ministerii.
612 3127 665 3178 Sed
680 3141 785 3178 summa
803 3127 932 3192 praefinita
947 3127 1029 3177 debet
1042 3139 1104 3177 csse
1114 3127 1192 3176 libera

174 3199 208 3251 ab
224 3199 296 3250 omni
309 3199 361 3249 alia
379 3213 477 3257 onere;
493 3213 575 3250 onera
587 3202 677 3249 tamen
692 3199 816 3262 qrraedam
829 3199 972 3248 missarum
986 3197 1012 3246 in
1024 3197 1117 3247 eadem
1131 3209 1194 3247 sum·

172 3283 217 3320 ma
230 3273 355 3334 poterunt
369 3271 527 3334 computari,
545 3271 568 3320 si
590 3270 617 3320 id
638 3269 765 3332 expedire
779 3269 882 3334 judicet
901 3269 1061 3334 Episcopus.
1084 3267 1191 3318 Benedi-

174 3345 233 3392 ctus
246 3341 320 3402 XIV,
336 3341 368 3392 de
384 3341 483 3406 Synod.
498 3342 516 3391 l.
536 3341 572 3400 l‘l,
590 3355 612 3388 c.
628 3341 651 3390 9.
663 3341 696 3390 In
710 3339 782 3391 dicta
796 3354 858 3391 vero
870 3340 980 3390 dioecesi
991 3339 1130 3390 Genuensi
1142 3351 1192 3388 ona·

176 3426 206 3462 ra
219 3411 365 3463 missarum
376 3426 522 3477 numquam
535 3415 648 3478 possunt
658 3411 787 3462 excedere
799 3411 935 3477 praedictae
948 3423 1061 3460 summae
1071 3410 1190 3462 medieta-

171 3485 234 3534 tem.
251 3509 278 3525 μ
291 3483 326 3548 (8)
343 3484 400 3535 Hac
415 3487 519 3534 constat
534 3496 567 3534 aa
585 3482 710 3546 pluribus
727 3483 753 3532 S.
770 3483 992 3547 Congbegationis
1006 3481 1190 3533 decisionibus

176 3556 243 3606 teste
260 3553 404 3608 Bobadicto
421 3554 487 3607 XIV
499 3553 526 3606 in
543 3554 610 3606 inst.
625 3553 665 3605 td.
690 3553 796 3608 Titulus
819 3559 907 3606 tamen
929 3566 1030 3606 mansas
1050 3553 1190 3606 communis
