2566 4102
557 175 654 270 ..ull
673 189 704 204 ι-

57 263 64 296 ’
154 285 305 344 onme
318 281 395 346 urea
406 287 470 358 soa,
485 287 513 346 a.
530 283 702 346 ammonio
715 281 874 362 peragras
885 279 923 342 a.

154 374 301 432 corrourio
315 372 540 448 paschatismo.
808 449 813 456 ι

154 463 308 521 comaron
328 459 360 520 in
382 460 534 522 beneflciis
547 466 600 524 643
616 481 623 521 :
638 478 720 524 nuno
739 467 785 524 est
804 461 962 540 reprobata
983 457 1041 534 aa
1058 459 1141 520 solus

117 551 197 626 Papa
210 565 278 610 eam
290 550 457 612 concedere
467 557 566 628 potest
579 550 629 625 ib,
643 555 670 612 8,

154 641 348 700 concarrus
361 643 424 699 647.
440 645 511 712 Quae
523 657 573 700 res
584 639 768 702 commodari
783 639 900 718 possint
911 638 961 714 ab,
976 643 1003 702 1.
1022 635 1140 714 Obliga-

119 725 160 786 tio
174 727 398 789 commodatarii
411 733 474 789 648.
491 732 614 791 Omnem
629 732 749 806 culpam
762 735 885 807 praestat
896 732 961 790 669.-

155 819 368 878 Gornruruorrro
387 834 456 878 cum
470 818 617 879 lraereticis
633 823 696 881 967.

155 909 350 968 commsrrro
363 907 577 984 clamosum
592 907 779 970 conditiones
790 908 830 969 ib.

155 998 324 1055 courosrrro
339 1010 429 1072 super
443 995 652 1057 omissionibus
665 995 823 1058 missarum
837 999 899 1057 386.
971 1055 974 1068 ,

155 1086 373 1146 Courrourssur
384 1083 415 1143 ln
430 1085 558 1146 arbitros
569 1085 752 1146 voluntarios
766 1075 837 1158 748,
850 1086 882 1145 in
891 1080 1086 1145 electionibus
1101 1081 1141 1142 ad

118 1170 263 1232 beneflcio
276 1176 344 1246 4813
359 1171 390 1232 in
400 1171 626 1235 alienationibus
638 1174 787 1235 bonorum
800 1172 940 1235 Ecclesia
950 1177 1013 1242 794,
1028 1176 1055 1232 3.

155 1265 312 1322 concarrus
325 1265 370 1322 39.
386 1267 462 1334 Quot
475 1261 599 1322 concilia
612 1262 772 1338 generalia,
788 1277 954 1338 eorumque
967 1277 1077 1336 scopus
1089 1259 1140 1333 ila,

118 1353 146 1412 3.
163 1348 326 1426 Concilium
339 1350 478 1426 generale
490 1351 601 1428 obligat
615 1367 719 1412 omnes
734 1351 838 1411 fideles
852 1355 899 1422 333
918 1349 1077 1420 nationale,
1090 1356 1144 1408 aut

119 1436 301 1514 provinciale
315 1443 409 1500 totam
428 1438 588 1513 nationem,
605 1445 657 1500 aut
672 1438 859 1517 provinciam
873 1443 922 1511 34,
938 1437 1143 1498 dioecesanum

118 1525 254 1586 subditos
275 1525 307 1586 in
328 1526 452 1588 dioecesi
474 1525 515 1586 ib.
532 1525 750 1588 particulariter
774 1527 874 1604 quoad
896 1525 1144 1604 approbationem

119 1616 148 1674 S.
165 1613 248 1674 Sedis
262 1617 307 1689 32,
327 1619 361 1686 s,
374 1615 474 1692 quoad
484 1615 695 1692 obligationem
711 1615 936 1694 peregrinarum
948 1618 993 1689 36,
1006 1619 1034 1673 2.

156 1708 312 1766 corormuu
323 1703 533 1776 tridentinum,
549 1706 672 1782 ejusque
685 1705 809 1766 materia
823 1707 868 1779 46,
883 1711 911 1764 4.

157 1797 313 1854 concursio
338 1793 369 1853 ln
392 1809 483 1854 causa
503 1798 566 1854 844.
592 1792 716 1866 Quando
739 1791 918 1870 requiratur,
938 1798 969 1853 et
991 1791 1143 1868 quomodo

119 1881 171 1942 liat
183 1885 245 1942 846.
259 1881 382 1954 Quando
396 1888 464 1960 post
481 1883 657 1944 conclusum
669 1881 701 1943 in
714 1899 806 1944 causa
820 1881 935 1961 possint
950 1879 1143 1958 probationes

120 1967 235 2030 admitti
249 1975 312 2030 486.

157 2062 352 2134 cereorum,
366 2066 397 2121 et
409 2076 515 2122 eorum
526 2061 662 2137 quaedam
676 2066 720 2134 47,
737 2065 764 2122 4.
816 2089 818 2100 ·

156 2151 351 2210 Coucouorrro
373 2149 456 2210 dubii
479 2165 583 2210 coram
599 2149 693 2210 sacris
713 2146 997 2226 congregationibus
1020 2151 1086 2222 949,
1107 2153 1142 2220 2;

122 2236 274 2312 quomodo
287 2239 453 2298 resolvatur
465 2241 528 2300 994.

158 2329 363 2388 Corcurrurrus
386 2331 452 2387 977.
481 2327 635 2398 Quomodo
659 2326 885 2404 procedendum
909 2332 1014 2387 contra
1039 2341 1147 2397 conou-

120 2413 252 2474 binarios
266 2415 303 2474 ab.
324 2414 434 2488 Quibus
449 2422 518 2475 sunt
531 2416 631 2492 poenis
645 2416 792 2477 alliciendi
804 2416 853 2490 tia,
869 2419 896 2476 6.
1096 2430 1098 2435 ·

158 2505 363 2566 Concursusad
372 2503 558 2582 parochiales
566 2509 629 2566 493.
641 2510 711 2577 Quae
723 2505 909 2566 observanda
920 2502 950 2563 in
962 2503 1146 2580 perficiendo

121 2609 271 2654 concursu
283 2592 333 2664 ila,
349 2597 375 2654 1.
386 2592 455 2668 Qui,
465 2599 495 2654 et
509 2600 582 2670 quot
595 2593 723 2654 debeant
734 2610 915 2655 concurrere
926 2591 1147 2653 examinatores

118 2686 185 2743 494.
201 2683 356 2753 Quomodo
371 2683 590 2744 examinatores
602 2682 818 2744 constituantur
831 2686 898 2756 4953
915 2681 944 2742 in
958 2679 1147 2758 prosynoda·

121 2771 200 2832 libus
218 2771 307 2832 debet
323 2771 466 2834 accedere
481 2789 645 2832 consensus
662 2771 782 2848 capituli
796 2770 847 2847 ib,
863 2776 897 2843 33
917 2769 1027 2830 debent
1043 2770 1147 2844 iurare
1181 2846 1185 2854 ἡ

123 2869 153 2922 et
164 2859 237 2922 nibil
250 2867 376 2936 possunt
391 2862 531 2936 accipere
549 2862 605 2921 sub
622 2859 804 2937 gravissimis
819 2860 917 2937 poenis
931 2860 981 2930 tta,
998 2865 1025 2919 4.
1041 2863 1147 2918 Partes

124 2948 269 3010 ordinarii
281 2948 313 3008 in
324 2949 384 3008 hoc
398 2947 536 3008 examine
553 2953 615 3009 496.
631 2954 695 3010 Non
705 2949 796 3009 habet
811 2954 915 3008 votum
934 2948 988 3006 nisi
1003 2952 1072 3007 vota
1085 2945 1147 3006 sint

124 3039 252 3116 pariata.
268 3043 308 3098 De
320 3036 428 3114 quibus
438 3035 657 3098 examinatores
667 3037 811 3114 iudicium
826 3039 923 3098 lerant
936 3037 973 3096 it.
989 3035 1146 3107 Quomodo

123 3127 281 3206 appellatio
292 3127 380 3188 detur
393 3130 454 3186 497.
466 3131 573 3186 Forma
587 3143 753 3188 concursus
765 3126 953 3186 observanda
964 3131 1010 3184 est
1021 3124 1052 3183 in
1064 3125 1147 3200 jure-

122 3223 281 3296 patronatu
295 3214 498 3277 ecclesiastico
512 3219 578 3289 4983
592 3216 631 3274 ad
647 3232 737 3292 quern
750 3220 867 3292 spectet
878 3215 938 3274 hoc
954 3232 1028 3276 casu
1039 3211 1147 3274 electio

123 3302 276 3382 dignioris,
289 3310 320 3364 et
336 3301 480 3363 institutio
494 3302 544 3376 tia,
559 3309 592 3377 13
607 3320 668 3362 non
682 3303 858 3364 observatur
871 3303 902 3362 in
916 3305 1148 3382 jurepatronotu

122 3393 217 3456 laicali
230 3392 279 3467 ibe,
290 3391 511 3469 quomodofieri
523 3391 629 3452 debeat
642 3393 702 3452 hoc
716 3409 788 3453 casu
795 3392 1033 3470 experimentum
1047 3391 1148 3455 idone·

123 3481 201 3543 itatis
224 3481 274 3556 ila,
288 3485 315 3541 2.
336 3480 411 3553 Quid
425 3479 450 3541 si
467 3487 593 3558 patrono
603 3481 738 3558 elapsum
753 3481 791 3542 sit
801 3487 919 3558 tempus
932 3483 1144 3558 praesentandi,

123 3578 174 3634 ant
187 3572 288 3652 plures
301 3575 462 3648 praesentet
474 3569 523 3646 tt.;
538 3568 616 3656 idem
630 3568 659 3630 in
670 3571 898 3651 jurepatronatu
910 3569 1005 3636 mixto
1022 3571 1067 3656 ib„
1076 3577 1145 3635 Non
