2566 4102
565 77 633 121 ¹:⁴¹1:er
650 101 653 108 r

570 113 654 158 '⁴¹3‘—
672 98 691 154 ξ
709 126 745 136 -

597 157 606 168 ἦ

161 219 301 288 injustitia
318 220 425 274 nattam
435 219 509 286 jnris
522 219 663 273 sanctitati
680 218 872 302 detrimentum
885 219 974 302 affert.
992 217 1091 284 Syllab.
1106 231 1184 284 prop.

161 289 1185 430 ttttttmttstultssimusinstititutis.

160 433 277 497 plicatur
289 449 305 485 a
319 435 415 486 Glossa
430 447 478 499 par
492 448 600 500 aequum
617 437 644 486 et
657 434 760 484 licitum
777 448 826 484 sua
846 440 957 495 natura;
975 438 1002 484 et
1018 448 1051 484 ex
1064 433 1187 484 maribus

160 507 309 558 humanum
319 521 366 572 Jus
380 510 493 558 constat.
513 506 577 557 Can.
597 507 618 556 l.
638 505 700 558 dist.
720 505 740 558 l.
760 506 811 558 ius
829 506 949 557 divinum
964 509 1006 556 est
1025 507 1072 570 jus
1084 505 1186 554 consti-

160 583 248 642 tuens,
268 578 435 644 imprimens,
458 578 518 628 tons
539 579 565 628 et
587 577 661 642 origo
680 579 874 642 cujuscumque
890 578 961 642 juris
979 575 1128 636 constituti,
1145 577 1188 626 est
1270 597 1271 644 3

161 655 290 700 aeternum
305 648 370 713 quid
383 649 514 700 munaum
530 649 687 700 universum
703 649 830 700 ordinans
848 652 875 700 et
895 661 991 714 regens
1016 645 1186 710 imperando,
1270 661 1271 720 3

160 728 186 772 et
199 720 409 785 prohibendos
433 735 485 786 quo
498 732 593 771 norma
606 719 724 772 omnium
745 720 834 784 legum
854 720 1031 770 humanarum
1053 718 1187 768 sumenda
1270 739 1271 752 2

160 797 209 855 est,
224 796 255 844 ut
268 793 428 857 ignoscatur
442 792 507 857 quid
528 795 609 856 recte,
630 796 677 842 out
693 805 833 858 perperam
846 790 874 842 in
891 791 933 842 his
947 785 1129 842 constitutum'
1140 789 1186 852 sit,
1270 831 1271 842 ,

159 865 224 930 quia
234 867 312 930 juxta
321 863 353 914 D.
368 863 483 914 Paulum
496 863 528 913 ad
540 862 617 913 Rom.
631 861 741 914 13:Nan
751 866 788 915 est
801 866 925 928 potestas,
935 863 991 914 nisi
1000 877 1018 915 a
1027 861 1090 914 Deo.
1104 861 1187 912 Unde

155 937 235 1000 juxte
248 936 275 987 S.
289 935 471 999 angustinum
487 935 505 984 l.
524 934 546 984 l.
561 934 595 986 de
609 934 657 984 lib.
673 935 731 986 arb.
746 949 769 986 c.
787 931 863 986 5:172
879 934 1022 995 temporati
1041 933 1095 998 leae
1114 930 1187 984 nibil
1270 943 1271 992 j

160 1011 197 1060 cst
206 1009 322 1072 justam,
338 1007 408 1072 qnod
420 1019 476 1058 non
490 1019 523 1058 aa
537 1005 590 1068 leae
602 1009 704 1058 aterna
716 1004 836 1058 homines
847 1004 899 1058 sibi
907 1004 1100 1058 &nocuerint
1118 1005 1185 1055 Ideo
1270 1039 1271 1074 3

160 1079 208 1130 illa
220 1079 314 1130 merito
326 1079 424 1129 dicitur
437 1078 506 1129 bene
516 1077 639 1128 ordinate
655 1077 828 1142 Respublica,
842 1078 870 1128 in
884 1090 938 1142 qna
951 1077 1023 1128 cives
1039 1077 1185 1141 magistra·
1270 1117 1271 1120 ,

159 1151 242 1213 tibus,
260 1151 434 1215 magistratus
452 1149 572 1214 legibus,
589 1153 616 1200 et
641 1149 714 1214 leges
734 1152 832 1215 parent
855 1152 965 1200 aeternae
991 1149 1044 1214 legi
1060 1147 1129 1208 Dei;
1157 1153 1186 1200 et
1270 1169 1271 1172 ¹

159 1223 188 1272 in
202 1221 359 1287 Republica,
377 1221 527 1284 atheorum,
541 1223 568 1272 et
581 1221 819 1272 materialistarum
835 1221 941 1271 nullum
953 1234 1014 1274 esse
1026 1223 1115 1286 potest
1125 1220 1184 1284 jus,

72 1367 74 1372 ι
159 1293 207 1347 sed
223 1293 304 1346 bruta
316 1294 367 1346 vis.
382 1294 416 1346 V.
430 1291 532 1358 Sylleb.
546 1305 623 1358 prop.
641 1291 653 1342 i
670 1296 697 1344 et
709 1291 733 1343 2.
744 1320 775 1330 -
788 1291 823 1358 (6)
833 1292 913 1344 Prov.
926 1293 950 1344 8.

194 1513 221 1566 t.
237 1507 314 1568 turis
325 1505 414 1566 divini
430 1505 505 1565 duas
518 1504 726 1566 constituimus
740 1505 865 1581 species,
877 1483 986 1582 nempe
1000 1507 1143 1568 naturaie
1152 1516 1185 1570 et
1270 1515 1271 1582 ξ

157 1597 324 1674 positivam.
339 1601 391 1655 tus
405 1597 539 1655 naturale
552 1613 570 1654 a
583 1601 690 1654 natura
704 1595 871 1670 procedens
895 1603 938 1654 est
959 1597 1024 1671 ipsa
1043 1597 1184 1659 voirrntas
1270 1591 1271 1634 3

59 1680 63 1689 '
162 1687 211 1746 liei
224 1686 391 1745 hominibus
404 1692 576 1760 porrectam
587 1685 1066 1761 rationempnbiicatapracipiern
1075 1688 1186 1748 intrin·
1270 1689 1271 1770 ]

157 1791 218 1834 sece
240 1775 325 1844 banc,
350 1781 376 1832 et
392 1773 547 1849 prohibens
560 1773 717 1833 intrinsece
732 1773 815 1832 maia
826 1773 879 1833 snb
896 1775 1021 1848 prason.
1048 1783 1075 1834 et
1091 1793 1185 1851 pane

157 1864 317 1924 sanctione.
342 1862 453 1922 Dicitur
472 1862 609 1922 voluntas
630 1862 683 1921 Dei
706 1863 775 1938 quia
795 1863 845 1937 jus
869 1861 989 1937 obligat,
1018 1871 1109 1924 etex
1134 1883 1186 1924 an·

158 1953 308 2013 tecedemi
321 1952 384 2012 sive
398 1969 437 2012 ex
455 1959 561 2011 natura
578 1969 666 2012 nemo
685 1958 784 2027 potest
798 1968 854 2011 nos
868 1951 1010 2027 obligare,
1025 1953 1082 2012 nisi
1103 1959 1184 2015 Dens
1270 1979 1271 2032 t

159 2049 272 2102 naturae
287 2047 404 2100 creator
420 2059 426 2100 :
443 2040 549 2099 dicitur
562 2039 740 2113 nominibus,
760 2039 828 2116 quia
842 2040 891 2114 jus
911 2041 1046 2101 naturale
1067 2045 1184 2104 morale
1270 2049 1271 2100 ῑ

158 2149 220 2192 non
232 2129 418 2205 animalibus,
440 2128 493 2188 sed
511 2128 679 2189 hominibus
697 2135 814 2189 tantum
834 2130 1022 2189 constituitur
1043 2150 1049 2189 :
1073 2131 1185 2192 dieitur

57 2230 59 2236 '
156 2238 209 2298 per
218 2227 330 2280 rectam
343 2218 490 2278 rainnern
501 2217 661 2294 publicata,
677 2217 745 2293 qnia
758 2217 856 2278 medio
870 2217 994 2278 rationis
1007 2236 1111 2280 omnes
1126 2224 1184 2282 ho·
1270 2267 1271 2270 η

157 2309 253 2368 mines
266 2307 307 2366 ite
319 2323 385 2367 eam
403 2313 579 2382 agnoscunt,
599 2313 632 2366 ut
653 2319 802 2382 nequeant
816 2307 881 2391 ejus
898 2306 1096 2382 ignorantiam
1109 2329 1184 2387 prta

157 2399 281 2458 tendere
303 2401 343 2471 (l)
361 2417 367 2455 ε
404 2394 511 2456 dicitur
535 2396 704 2472 praecipiens
718 2397 875 2456 intrinsece
888 2396 972 2467 bona,
986 2407 1013 2456 et
1024 2401 1183 2474 prohibens

157 2487 313 2547 intrinsece
326 2486 419 2558 nnio,
443 2485 512 2561 quin
533 2485 564 2542 in
584 2485 642 2543 hoc
663 2483 760 2542 differt
774 2502 792 2541 a
806 2484 920 2559 legibus
936 2485 1065 2547 humana
1078 2491 1184 2550 volun·
1270 2483 1271 2556 J

158 2582 218 2636 tate
237 2574 414 2647 constitutis
428 2574 500 2634 dum
514 2591 550 2633 ea
564 2591 631 2650 quse
644 2573 790 2650 praecipit‚
800 2572 848 2633 vel
861 2573 1008 2650 prohibet,
1018 2565 1181 2656 praeoepta,

157 2668 206 2726 vel
219 2664 367 2742 prohibita
381 2670 451 2722 sunt
473 2663 504 2722 in
527 2680 570 2737 se,
588 2669 618 2723 et
639 2669 744 2738 suapte
759 2669 865 2722 natura
879 2670 947 2742 ante
961 2682 1183 2745 quamcumque

157 2754 312 2815 hominnm
332 2752 527 2813 reflexionem
546 2758 576 2812 et
603 2751 820 2811 ordinationem
842 2772 849 2812 :
871 2752 979 2814 dieitur
992 2756 1112 2816 demum
1126 2759 1183 2819 snb
1270 2805 1271 2826 ,

155 2844 284 2922 precarii,
315 2849 341 2902 ct
364 2858 454 2916 poena
482 2841 650 2914 sanctione,
685 2840 754 2916 quia
782 2841 846 2916 ejus
878 2843 1120 2906 observatoribus
1151 2856 1183 2909 et
1270 2913 1271 2924 ,

156 2930 428 3008 transgressoribus
441 2936 511 2989 sunt
525 2929 691 3005 respective
708 2931 869 2990 constituta
882 2932 1014 3008 praemia,
1025 2941 1055 2994 et
1068 2953 1181 3013 poenae,

155 3022 319 3098 etquidem
337 3021 517 3094 temporales
533 3018 668 3078 inanimi
685 3019 904 3095 voluptatibus,
924 3024 972 3082 vel
988 3025 1182 3088 consolentiae
1270 3037 1271 3096 t

155 3108 348 3186 anguoribus,
370 3125 406 3166 ac
425 3113 544 3166 aeternae
566 3107 597 3165 in
619 3107 743 3182 gaudiis,
764 3110 813 3168 vel
831 3109 982 3184 suppliciis
999 3115 1038 3183 (t)
1060 3133 1068 3174 :
1090 3133 1209 3190 omne,
1270 3099 1271 3180 ἶ

155 3199 235 3260 enim
251 3199 299 3274 jus
317 3203 348 3266 et
371 3197 421 3255 lex
440 3195 627 3257 sanationem
649 3196 783 3273 requirit,
804 3215 842 3258 ne
863 3197 986 3276 impune
999 3200 1112 3280 violari,
1128 3214 1182 3268 aut
1270 3253 1271 3258 η

154 3305 312 3365 perperam
323 3285 477 3347 observari
488 3294 588 3362 queat,
602 3293 652 3346 aut
665 3285 773 3348 debeat
787 3292 797 3360 (
816 3291 837 3358 ).

189 3383 241 3437 tus
254 3379 389 3438 naturale
409 3376 461 3438 bei
481 3377 678 3450 existentiam,
697 3382 727 3436 et
746 3377 964 3453 providentiam
981 3380 1179 3463 demonstrat,
1270 3393 1271 3446 3

154 3487 191 3533 ne
205 3468 292 3529 simul
305 3467 433 3528 hominis
452 3465 629 3541 libertatem,
654 3472 684 3526 et
697 3465 949 3530 immortalitatem
963 3472 1069 3546 probat
1084 3491 1091 3534 ε
1108 3492 1180 3540 nam
1270 3533 1271 3540 ,
