2546 4082
44 390 99 433 non
114 373 171 434 nisi
185 393 203 436 a
216 339 334 437 summo
349 375 491 436 Pontifieo
509 378 561 449 (3).
575 375 706 436 Aliarum
718 375 826 438 deinde
839 393 941 438 rerum
952 377 1056 436 incon,

43 461 122 536 durii
136 463 549 539 wnlextommuuimndimt
564 464 591 523 si
605 463 720 539 ubsque
732 465 918 544 poenitentia,
929 471 960 525 et
970 464 1058 525 satis-

43 551 168 620 factione
181 553 342 626 decedant,
358 552 561 618 ecclesiastica
571 552 724 628 sepultura
736 553 891 628 privantur
904 557 956 626 (t).

65 707 103 780 (l)
119 707 184 759 Can.
205 707 226 769 l,
246 709 271 772 2,
285 708 309 767 3,
324 721 347 759 c.
366 709 380 763 5
403 721 429 774 q.
449 709 469 759 l.
487 706 559 758 Huic
571 720 661 774 poenae
674 707 829 772 adjungitur
844 711 978 776 perpetua
989 690 1059 765 inla-

41 779 100 830 mia.
113 779 173 830 Bul.
188 777 230 830 En
244 784 280 832 cst
302 791 395 831 reram
414 777 535 844 Gregorii
551 775 629 830 mu.
643 778 679 829 Hi
694 778 781 830 libelli
796 782 927 844 majorem
940 779 1058 844 gravita-
1134 841 1137 852 Ι

41 855 91 900 tem
104 853 201 914 gerunt
213 863 276 902 cum
287 851 443 902 scribuntur
456 857 550 901 contra
559 850 710 900 Romanum
727 849 892 910 Pontificem,
903 853 930 901 ot
939 851 1060 914 regimen

41 921 167 982 decinam
189 921 328 981 Romana,
346 935 406 988 cap.
424 924 434 972 1
454 922 488 974 da
501 921 603 974 malad.
616 927 642 971 at
655 921 694 971 ibi
708 921 847 984 Doctores,
862 935 894 972 ac
907 921 1058 987 prasertim

42 991 175 1044 Gir-aldus.
187 993 219 1044 Si
228 994 384 1046 scribuntur
397 997 490 1044 contra
500 992 628 1046 Ordinem
639 991 861 1050 Praedicatorum,
870 993 913 1046 vel
925 992 1060 1048 itinerum

42 1061 65 1113 S.
82 1061 230 1127 Francisci,
246 1065 285 1115 rei
299 1077 353 1116 non
367 1067 482 1130 possunt
494 1063 607 1122 absolvi,
616 1062 668 1114 nisi
683 1076 814 1118 asummo
825 1063 960 1116 Pontidca
975 1062 1061 1114 Giral-

42 1133 90 1184 dus
110 1133 187 1196 ibid.;
201 1135 225 1186 si
241 1141 335 1186 contra
350 1135 503 1186 institutum
519 1135 655 1186 societatis
666 1133 741 1192 lesu,
755 1134 940 1198 percelluntur
953 1147 1058 1188 excom·

42 1205 219 1256 madidatione
234 1207 315 1270 Papae
334 1209 479 1266 reservata,
494 1210 521 1256 ot
534 1205 668 1256 inhabiles
694 1205 763 1256 liunt
787 1204 821 1255 ad
844 1205 981 1256 beneficia.
998 1205 1058 1254 Bul.

43 1275 201 1329 Ascendealc
216 1273 330 1329 llomino
340 1276 464 1340 Gregorii
475 1276 554 1326 Xlll.
568 1275 670 1326 Verum
683 1275 792 1340 quando
806 1275 914 1326 libellus
928 1275 1059 1342 praejudi-

43 1353 82 1398 cat
99 1353 204 1401 tantum
217 1362 350 1414 personae,
362 1349 460 1398 molins
473 1351 522 1406 eat,
537 1350 569 1398 ut
581 1347 734 1398 remittatur
746 1347 846 1412 injurio
859 1347 894 1398 ad
907 1347 1059 1411 exemplum

43 1418 138 1470 Christi
152 1419 270 1480 Domini,
283 1426 310 1470 at
323 1419 350 1469 S.
366 1419 410 1470 Pii
423 1419 456 1470 V.
472 1417 598 1470 Giruldus
612 1418 658 1469 cit.
674 1417 722 1469 loc.
738 1445 766 1456 -·
780 1418 817 1482 (l)
830 1417 896 1470 Gan.
910 1417 963 1476 107,
979 1431 1002 1468 c.
1022 1417 1060 1476 ll,

43 1504 66 1554 q.
81 1490 106 1540 3.
118 1490 197 1554 -(3)
212 1492 276 1556 Cap.
291 1490 320 1540 la
332 1491 367 1542 de
378 1493 446 1542 sant.
462 1503 564 1544 excom.
575 1516 606 1528 -
618 1489 654 1554 (t)
668 1489 731 1540 Gan.
748 1489 787 1554 32,
803 1502 827 1540 c.
838 1489 879 1554 23,
893 1503 919 1556 q.
935 1489 950 1540 8
964 1491 991 1540 et
1001 1502 1058 1555 cap.

42 1562 101 1614 ide
113 1569 182 1628 rapt.
198 1566 225 1614 et
238 1561 346 1614 incand.

72 1744 135 1799 275.
155 1743 199 1798 lta
211 1738 376 1824 perstrictis
389 1754 472 1798 mere
485 1735 620 1797 civilibus
634 1737 760 1812 delictis,
776 1737 815 1798 ad
828 1738 924 1800 mixta
936 1753 1060 1813 progre-
1141 1793 1144 1801 ,

42 1829 145 1901 dimur,
160 1845 228 1904 quae
247 1829 336 1887 simul
350 1827 543 1902 Religionem,
559 1832 588 1886 et
610 1827 833 1902 Rempublicam
855 1826 976 1885 laedunt.
993 1827 1060 1885 Plu-

42 1917 112 1976 rima
125 1917 296 1992 huJusmodi
310 1923 380 1974 sunt
393 1915 516 1988 delicta,
533 1915 587 1974 sed
607 1915 656 1974 hic
679 1915 830 1991 praeoipua
848 1920 964 1974 tantum
977 1931 1060 1976 com·

42 2020 250 2077 memoramus,
272 2021 338 2080 quae
358 2011 462 2064 contra
479 2010 598 2072 sentum
617 2004 755 2080 Deoalom'
776 2011 1062 2082 praeceptumcom-

6 2129 7 2136 κ
42 2093 204 2164 mittuntur,
220 2093 263 2152 uti
277 2099 323 2152 est
338 2092 506 2164 fornicatio,
525 2099 687 2166 struprum,
708 2092 896 2164 adulterium,
918 2092 1061 2165 incestus,

42 2189 68 2239 ot
80 2181 217 2240 sodomia
233 2200 239 2238 ε
253 2197 320 2256 quae
331 2178 455 2239 crimina
468 2179 507 2238 ab
520 2179 602 2238 omni
616 2180 682 2254 lege
697 2180 839 2252 dirina'et
852 2180 981 2238 humana
993 2197 1062 2254 gra-

41 2269 165 2328 vissimis
179 2270 351 2345 plectuntur
370 2267 478 2344 poenis,
495 2267 564 2342 quia
579 2285 618 2326 ex
632 2268 706 2342 ipsis
719 2268 821 2326 omnia
834 2269 896 2327 lere
909 2267 1063 2328 dimanant

41 2357 209 2435 Religionis
225 2364 255 2417 et
266 2357 445 2432 Reipublicae
457 2357 561 2426 mala(
582 2362 602 2428 ).

68 2523 103 2586 (l)
119 2522 177 2573 Hoc
189 2522 325 2587 persensit
347 2521 463 2586 ipsamet
482 2521 620 2584 Horatius,
642 2521 708 2572 dum
729 2523 769 2574 sic
781 2535 863 2573 aurea
877 2524 991 2575 canebat
1004 2524 1063 2588 lyra

41 2594 66 2644 in
85 2594 131 2644 od.
145 2595 171 2657 6,
183 2594 200 2644 1.
218 2595 247 2644 3:
267 2591 401 2647 Facundo
421 2593 505 2658 calpa
518 2593 613 2645 saeclo
626 2593 738 2658 nuptias
751 2622 782 2633 -
796 2593 919 2646 Primum
932 2595 1061 2660 ingaina-
1139 2639 1146 2652 .

40 2678 105 2724 vere,
120 2667 146 2716 el
159 2677 250 2729 penus,
266 2666 290 2715 ol
304 2663 394 2715 domos
407 2691 434 2700 -
446 2663 500 2716 Hoc
512 2663 586 2728 sonte
601 2664 725 2718 derivato
739 2664 825 2718 clades
838 2693 869 2702 -
883 2663 916 2716 In
929 2667 1061 2732 patriam.

40 2737 218 2800 populumque
230 2734 321 2800 flacit.

71 2932 137 2988 276.
157 2927 335 3000 Fornicatio,
348 2928 378 2987 id
392 2935 437 2988 est
451 2930 559 3004 copula
573 2929 699 2990 carnalis
710 2930 799 2990 soluti
811 2947 881 2990 eum
892 2932 989 2993 soluta
1000 2931 1062 3006 jam
1142 2964 1145 2968 ·

41 3023 181 3090 corrupta
199 3018 256 3091 (l),
274 3023 320 3075 est
341 3015 495 3076 infandum
518 3018 627 3090 scalus3
655 3035 734 3090 narn,
756 3025 789 3077 ut
811 3019 852 3078 ait
877 3024 908 3078 ll.
934 3021 1059 3081 Paulus:

41 3104 142 3164 Omnis
157 3105 329 3179 fornicator,
345 3113 372 3164 ot
383 3106 558 3164 immundas
571 3123 633 3165 ooo
650 3105 734 3166 lohet
749 3107 948 3168 haereditatem
960 3108 995 3168 ic
1014 3124 1061 3166 ra-

39 3209 93 3265 pno
113 3192 233 3262 Christi,
254 3199 280 3250 ot
301 3191 353 3250 Del
370 3195 421 3264 (ἓ).
444 3199 539 3264 Quare
558 3193 707 3254 fornicarii
729 3194 870 3269 gravibus
890 3195 1062 3268 plectuntur

41 3281 147 3354 poenis,
170 3279 239 3355 quia
262 3279 373 3340 nedum
395 3281 551 3340 fornicatio
567 3290 612 3340 est
629 3288 734 3340 contra
748 3287 884 3342 naturam
898 3281 938 3340 oh
952 3298 1062 3356 vagum

40 3368 231 3429 concubitum
246 3371 302 3440 (3),
319 3369 371 3427 sed
394 3376 423 3428 et
438 3369 468 3427 in
483 3369 602 3429 Clericis
615 3369 710 3428 sacris
731 3369 886 3430 ordinibus
911 3369 1059 3444 insignitis

40 3465 126 3517 estet
147 3457 347 3532 saerilegium.
364 3457 435 3517 ideo
448 3457 518 3516 laicl
528 3458 617 3532 hujus
632 3457 765 3516 oriminis
776 3457 820 3517 rei
832 3475 872 3517 ex
884 3457 1060 3533 praeseripto

41 3545 158 3604 concilii
172 3545 409 3604 Necessariensis
419 3563 477 3602 non
493 3551 631 3622 poterant
644 3546 720 3604 inter
733 3545 859 3606 elericos
875 3546 1019 3620 cooptari,
1030 3555 1060 3606 et

40 3634 131 3709 siper
149 3630 346 3708 ignorantiam
370 3631 501 3708 cooptati
518 3631 643 3692 luissent
665 3633 809 3692 ollerendi
831 3649 955 3709 munere
976 3643 1061 3707 grant
