<?xml version="1.0" encoding="UTF-8"?>
<!DOCTYPE html PUBLIC "-//W3C//DTD XHTML 1.0 Transitional//EN"
    "http://www.w3.org/TR/xhtml1/DTD/xhtml1-transitional.dtd">
<html xmlns="http://www.w3.org/1999/xhtml" xml:lang="en" lang="en">
 <head>
  <title>
</title>
<meta http-equiv="Content-Type" content="text/html;charset=utf-8" />
  <meta name='ocr-system' content='tesseract 3.04.00' />
  <meta name='ocr-capabilities' content='ocr_page ocr_carea ocr_par ocr_line ocrx_word'/>
</head>
<body>
  <div class='ocr_page' id='page_1' title='image "./summainstitutio00ferrgoog_0281.png"; bbox 0 0 2468 4090; ppageno 0'>
   <div class='ocr_carea' id='block_1_1' title="bbox 626 185 787 242">
    <p class='ocr_par' dir='ltr' id='par_1_1' title="bbox 626 185 787 242">
     <span class='ocr_line' id='line_1_1' title="bbox 626 185 787 242; baseline 0 0"><span class='ocrx_word' id='word_1_1' title='bbox 626 185 787 242; x_wconf 79' lang='lat'>—216-</span> 
     </span>
    </p>
   </div>
   <div class='ocr_carea' id='block_1_2' title="bbox 197 309 1199 784">
    <p class='ocr_par' dir='ltr' id='par_1_2' title="bbox 197 309 1199 593">
     <span class='ocr_line' id='line_1_2' title="bbox 201 309 1199 390; baseline 0 -19"><span class='ocrx_word' id='word_1_2' title='bbox 201 309 261 372; x_wconf 87' lang='lat' dir='ltr'><strong>vita</strong></span> <span class='ocrx_word' id='word_1_3' title='bbox 273 312 440 372; x_wconf 88' lang='lat' dir='ltr'><strong>communis</strong></span> <span class='ocrx_word' id='word_1_4' title='bbox 454 313 511 372; x_wconf 91' lang='lat' dir='ltr'><strong>sub</strong></span> <span class='ocrx_word' id='word_1_5' title='bbox 524 317 670 388; x_wconf 76' lang='lat' dir='ltr'><strong>potestate</strong></span> <span class='ocrx_word' id='word_1_6' title='bbox 685 313 810 389; x_wconf 86' lang='lat' dir='ltr'><strong>alicujus</strong></span> <span class='ocrx_word' id='word_1_7' title='bbox 825 313 999 390; x_wconf 88' lang='lat' dir='ltr'><strong>superioris,</strong></span> <span class='ocrx_word' id='word_1_8' title='bbox 1020 313 1199 386; x_wconf 65' lang='lat' dir='ltr'><strong>necabatis,</strong></span> 
     </span>
     <span class='ocr_line' id='line_1_3' title="bbox 201 400 1199 480; baseline 0.002 -21"><span class='ocrx_word' id='word_1_9' title='bbox 201 400 252 474; x_wconf 79' lang='lat' dir='ltr'><strong>qui</strong></span> <span class='ocrx_word' id='word_1_10' title='bbox 265 401 373 461; x_wconf 89' lang='lat' dir='ltr'><strong>habeat</strong></span> <span class='ocrx_word' id='word_1_11' title='bbox 386 401 417 460; x_wconf 93' lang='lat' dir='ltr'><strong>in</strong></span> <span class='ocrx_word' id='word_1_12' title='bbox 430 403 606 477; x_wconf 82' lang='lat' dir='ltr'><strong>Regularem</strong></span> <span class='ocrx_word' id='word_1_13' title='bbox 618 409 678 462; x_wconf 89' lang='lat' dir='ltr'><strong>tam</strong></span> <span class='ocrx_word' id='word_1_14' title='bbox 688 402 719 462; x_wconf 93' lang='lat' dir='ltr'><strong>in</strong></span> <span class='ocrx_word' id='word_1_15' title='bbox 731 402 942 479; x_wconf 87' lang='lat' dir='ltr'><strong>spiritualibus,</strong></span> <span class='ocrx_word' id='word_1_16' title='bbox 958 420 1046 480; x_wconf 91' lang='lat' dir='ltr'><strong>quam</strong></span> <span class='ocrx_word' id='word_1_17' title='bbox 1059 403 1087 461; x_wconf 92' lang='lat' dir='ltr'><strong>in</strong></span> <span class='ocrx_word' id='word_1_18' title='bbox 1100 410 1199 477; x_wconf 74' lang='lat' dir='ltr'><strong>umpo</strong></span> 
     </span>
     <span class='ocr_line' id='line_1_4' title="bbox 197 487 822 593; baseline 0.002 -43"><span class='ocrx_word' id='word_1_19' title='bbox 197 488 310 550; x_wconf 88' lang='lat' dir='ltr'><strong>ralibus</strong></span> <span class='ocrx_word' id='word_1_20' title='bbox 320 487 567 569; x_wconf 88' lang='lat' dir='ltr'><strong>jurisdictionem.</strong></span> <span class='ocrx_word' id='word_1_21' title='bbox 650 487 655 496; x_wconf 84' lang='grc'><em>“</em></span> <span class='ocrx_word' id='word_1_22' title='bbox 817 579 822 593; x_wconf 35' lang='grc' dir='ltr'><strong><em>Ι</em></strong></span> 
     </span>
    </p>

    <p class='ocr_par' dir='ltr' id='par_1_3' title="bbox 197 640 1199 784">
     <span class='ocr_line' id='line_1_5' title="bbox 228 640 1199 712; baseline 0 -15"><span class='ocrx_word' id='word_1_23' title='bbox 228 645 264 710; x_wconf 90' lang='grc'><strong>(1)</strong></span> <span class='ocrx_word' id='word_1_24' title='bbox 285 645 415 698; x_wconf 83' lang='lat' dir='ltr'><strong>Gonrales</strong></span> <span class='ocrx_word' id='word_1_25' title='bbox 434 645 469 698; x_wconf 85' lang='lat' dir='ltr'><strong>ad</strong></span> <span class='ocrx_word' id='word_1_26' title='bbox 487 659 549 712; x_wconf 88' lang='lat' dir='ltr'><strong>cap.</strong></span> <span class='ocrx_word' id='word_1_27' title='bbox 574 640 659 698; x_wconf 64' lang='lat' dir='ltr'><strong>&amp;aar</strong></span> <span class='ocrx_word' id='word_1_28' title='bbox 679 644 712 697; x_wconf 89' lang='lat' dir='ltr'><strong>de</strong></span> <span class='ocrx_word' id='word_1_29' title='bbox 732 645 800 697; x_wconf 88' lang='lat' dir='ltr'><strong>offic.</strong></span> <span class='ocrx_word' id='word_1_30' title='bbox 817 645 877 712; x_wconf 84' lang='lat' dir='ltr'><strong>jud.</strong></span> <span class='ocrx_word' id='word_1_31' title='bbox 901 645 960 697; x_wconf 87' lang='lat' dir='ltr'><strong>ord.</strong></span> <span class='ocrx_word' id='word_1_32' title='bbox 982 660 1011 697; x_wconf 87' lang='lat' dir='ltr'><strong>n.</strong></span> <span class='ocrx_word' id='word_1_33' title='bbox 1031 645 1100 696; x_wconf 79' lang='grc'>’1.-</span> <span class='ocrx_word' id='word_1_34' title='bbox 1117 645 1199 711; x_wconf 67' lang='lat' dir='ltr'><strong>(bita</strong></span> 
     </span>
     <span class='ocr_line' id='line_1_6' title="bbox 197 713 1073 784; baseline 0.001 -15"><span class='ocrx_word' id='word_1_35' title='bbox 197 715 297 783; x_wconf 78' lang='lat' dir='ltr'><strong>legitur</strong></span> <span class='ocrx_word' id='word_1_36' title='bbox 309 717 339 770; x_wconf 86' lang='lat' dir='ltr'><strong>in</strong></span> <span class='ocrx_word' id='word_1_37' title='bbox 351 731 410 784; x_wconf 84' lang='lat' dir='ltr'><strong>cap.</strong></span> <span class='ocrx_word' id='word_1_38' title='bbox 423 717 447 778; x_wconf 84' lang='lat'><strong>9,</strong></span> <span class='ocrx_word' id='word_1_39' title='bbox 462 717 496 770; x_wconf 84' lang='lat' dir='ltr'><strong>ria</strong></span> <span class='ocrx_word' id='word_1_40' title='bbox 510 717 587 784; x_wconf 73' lang='lat' dir='ltr'><strong>relig.</strong></span> <span class='ocrx_word' id='word_1_41' title='bbox 600 715 672 772; x_wconf 87' lang='lat' dir='ltr'><strong>dom.</strong></span> <span class='ocrx_word' id='word_1_42' title='bbox 687 721 714 770; x_wconf 86' lang='lat' dir='ltr'><strong>at</strong></span> <span class='ocrx_word' id='word_1_43' title='bbox 728 718 757 770; x_wconf 85' lang='grc'><strong>111</strong></span> <span class='ocrx_word' id='word_1_44' title='bbox 771 732 830 784; x_wconf 89' lang='lat' dir='ltr'><strong>cap.</strong></span> <span class='ocrx_word' id='word_1_45' title='bbox 844 718 915 770; x_wconf 90' lang='lat' dir='ltr'><strong>unic.</strong></span> <span class='ocrx_word' id='word_1_46' title='bbox 932 713 992 771; x_wconf 87' lang='lat' dir='ltr'><strong>eod.</strong></span> <span class='ocrx_word' id='word_1_47' title='bbox 1009 718 1037 770; x_wconf 89' lang='lat' dir='ltr'><strong>in</strong></span> <span class='ocrx_word' id='word_1_48' title='bbox 1049 718 1073 770; x_wconf 88' lang='grc'><strong>6.</strong></span> 
     </span>
    </p>
   </div>
   <div class='ocr_carea' id='block_1_3' title="bbox 95 893 1225 3366">
    <p class='ocr_par' dir='ltr' id='par_1_4' title="bbox 190 893 1225 2476">
     <span class='ocr_line' id='line_1_7' title="bbox 230 893 1198 970; baseline 0.001 -18"><span class='ocrx_word' id='word_1_49' title='bbox 230 895 295 954; x_wconf 78' lang='lat'>212.</span> <span class='ocrx_word' id='word_1_50' title='bbox 314 897 412 954; x_wconf 88' lang='lat' dir='ltr'><strong>Status</strong></span> <span class='ocrx_word' id='word_1_51' title='bbox 432 893 578 970; x_wconf 78' lang='lat' dir='ltr'><strong>regularis</strong></span> <span class='ocrx_word' id='word_1_52' title='bbox 595 893 789 954; x_wconf 83' lang='lat' dir='ltr'><strong>fundamenta</strong></span> <span class='ocrx_word' id='word_1_53' title='bbox 810 893 848 952; x_wconf 89' lang='lat' dir='ltr'><strong>ab</strong></span> <span class='ocrx_word' id='word_1_54' title='bbox 870 893 999 970; x_wconf 87' lang='lat' dir='ltr'><strong>ipsomet</strong></span> <span class='ocrx_word' id='word_1_55' title='bbox 1023 893 1131 955; x_wconf 85' lang='lat' dir='ltr'><strong>Christo</strong></span> <span class='ocrx_word' id='word_1_56' title='bbox 1149 898 1198 953; x_wconf 90' lang='lat' dir='ltr'><strong>bo-</strong></span> 
     </span>
     <span class='ocr_line' id='line_1_8' title="bbox 194 979 1198 1059; baseline 0 -17"><span class='ocrx_word' id='word_1_57' title='bbox 194 979 277 1042; x_wconf 90' lang='lat' dir='ltr'><strong>mino</strong></span> <span class='ocrx_word' id='word_1_58' title='bbox 294 982 455 1042; x_wconf 89' lang='lat' dir='ltr'><strong>constituta</strong></span> <span class='ocrx_word' id='word_1_59' title='bbox 475 983 606 1056; x_wconf 86' lang='lat' dir='ltr'><strong>fuerunt,</strong></span> <span class='ocrx_word' id='word_1_60' title='bbox 631 982 723 1059; x_wconf 87' lang='lat' dir='ltr'><strong>quod,</strong></span> <span class='ocrx_word' id='word_1_61' title='bbox 743 989 889 1059; x_wconf 68' lang='lat' dir='ltr'><strong>plantum</strong></span> <span class='ocrx_word' id='word_1_62' title='bbox 909 982 1013 1042; x_wconf 80' lang='lat' dir='ltr'><strong>attinet</strong></span> <span class='ocrx_word' id='word_1_63' title='bbox 1030 983 1069 1042; x_wconf 91' lang='lat' dir='ltr'><strong>ad</strong></span> <span class='ocrx_word' id='word_1_64' title='bbox 1081 983 1198 1042; x_wconf 76' lang='lat' dir='ltr'><strong>sumun-</strong></span> 
     </span>
     <span class='ocr_line' id='line_1_9' title="bbox 194 1069 1197 1148; baseline -0.004 -16"><span class='ocrx_word' id='word_1_65' title='bbox 194 1070 266 1132; x_wconf 80' lang='lat' dir='ltr'><strong>unm</strong></span> <span class='ocrx_word' id='word_1_66' title='bbox 279 1069 369 1132; x_wconf 88' lang='lat' dir='ltr'><strong>trium</strong></span> <span class='ocrx_word' id='word_1_67' title='bbox 383 1077 523 1131; x_wconf 83' lang='lat' dir='ltr'><strong>votorum</strong></span> <span class='ocrx_word' id='word_1_68' title='bbox 542 1088 577 1131; x_wconf 84' lang='lat' dir='ltr'><strong>er</strong></span> <span class='ocrx_word' id='word_1_69' title='bbox 596 1070 758 1131; x_wconf 88' lang='lat' dir='ltr'><strong>notissimis</strong></span> <span class='ocrx_word' id='word_1_70' title='bbox 780 1070 911 1132; x_wconf 88' lang='lat' dir='ltr'><strong>consiliis</strong></span> <span class='ocrx_word' id='word_1_71' title='bbox 924 1071 1101 1148; x_wconf 83' lang='lat' dir='ltr'><strong>evangelicis</strong></span> <span class='ocrx_word' id='word_1_72' title='bbox 1119 1073 1159 1144; x_wconf 81' lang='lat' dir='ltr'><strong>(l),</strong></span> <span class='ocrx_word' id='word_1_73' title='bbox 1173 1077 1197 1129; x_wconf 91' lang='lat' dir='ltr'><strong>et</strong></span> 
     </span>
     <span class='ocr_line' id='line_1_10' title="bbox 194 1158 1196 1237; baseline -0.001 -17"><span class='ocrx_word' id='word_1_74' title='bbox 194 1166 339 1237; x_wconf 87' lang='lat' dir='ltr'><strong>quantum</strong></span> <span class='ocrx_word' id='word_1_75' title='bbox 358 1159 398 1220; x_wconf 82' lang='lat' dir='ltr'><strong>ad</strong></span> <span class='ocrx_word' id='word_1_76' title='bbox 415 1160 481 1221; x_wconf 83' lang='lat' dir='ltr'><strong>vitae</strong></span> <span class='ocrx_word' id='word_1_77' title='bbox 502 1158 744 1220; x_wconf 86' lang='lat' dir='ltr'><strong>communionem</strong></span> <span class='ocrx_word' id='word_1_78' title='bbox 762 1177 802 1220; x_wconf 84' lang='lat' dir='ltr'><strong>ex</strong></span> <span class='ocrx_word' id='word_1_79' title='bbox 814 1159 934 1220; x_wconf 75' lang='lat' dir='ltr'><strong>Actibus</strong></span> <span class='ocrx_word' id='word_1_80' title='bbox 945 1161 1163 1236; x_wconf 77' lang='lat' dir='ltr'><strong>Apostolorum(</strong></span> <span class='ocrx_word' id='word_1_81' title='bbox 1179 1161 1196 1231; x_wconf 80' lang='lat' dir='ltr'><strong>l,</strong></span> 
     </span>
     <span class='ocr_line' id='line_1_11' title="bbox 193 1247 1197 1324; baseline -0.004 -16"><span class='ocrx_word' id='word_1_82' title='bbox 193 1256 224 1308; x_wconf 90' lang='lat' dir='ltr'><strong>et</strong></span> <span class='ocrx_word' id='word_1_83' title='bbox 237 1266 277 1308; x_wconf 86' lang='lat' dir='ltr'><strong>ex</strong></span> <span class='ocrx_word' id='word_1_84' title='bbox 288 1247 410 1308; x_wconf 91' lang='lat' dir='ltr'><strong>historia</strong></span> <span class='ocrx_word' id='word_1_85' title='bbox 423 1247 626 1308; x_wconf 91' lang='lat' dir='ltr'><strong>ecclesiastica</strong></span> <span class='ocrx_word' id='word_1_86' title='bbox 639 1249 794 1324; x_wconf 87' lang='lat' dir='ltr'><strong>probatur.</strong></span> <span class='ocrx_word' id='word_1_87' title='bbox 811 1249 868 1308; x_wconf 89' lang='lat' dir='ltr'><strong>Sed</strong></span> <span class='ocrx_word' id='word_1_88' title='bbox 881 1249 1021 1309; x_wconf 80' lang='lat' dir='ltr'><strong>formales</strong></span> <span class='ocrx_word' id='word_1_89' title='bbox 1035 1249 1197 1324; x_wconf 85' lang='lat' dir='ltr'><strong>Religionum</strong></span> 
     </span>
     <span class='ocr_line' id='line_1_12' title="bbox 193 1335 1195 1415; baseline -0.004 -19"><span class='ocrx_word' id='word_1_90' title='bbox 193 1335 393 1398; x_wconf 81' lang='lat' dir='ltr'><strong>institutiones</strong></span> <span class='ocrx_word' id='word_1_91' title='bbox 403 1337 571 1398; x_wconf 88' lang='lat' dir='ltr'><strong>labentibus</strong></span> <span class='ocrx_word' id='word_1_92' title='bbox 586 1337 731 1397; x_wconf 82' lang='lat' dir='ltr'><strong>saeculisa</strong></span> <span class='ocrx_word' id='word_1_93' title='bbox 742 1337 814 1397; x_wconf 83' lang='lat' dir='ltr'><strong>uiris</strong></span> <span class='ocrx_word' id='word_1_94' title='bbox 828 1337 982 1398; x_wconf 79' lang='lat' dir='ltr'><strong>sanctitate</strong></span> <span class='ocrx_word' id='word_1_95' title='bbox 997 1337 1154 1415; x_wconf 87' lang='lat' dir='ltr'><strong>conspicuis</strong></span> <span class='ocrx_word' id='word_1_96' title='bbox 1161 1336 1195 1393; x_wconf 89' lang='lat' dir='ltr'><strong>la-</strong></span> 
     </span>
     <span class='ocr_line' id='line_1_13' title="bbox 193 1424 1196 1486; baseline -0.004 -1"><span class='ocrx_word' id='word_1_97' title='bbox 193 1432 250 1486; x_wconf 83' lang='lat' dir='ltr'><strong>ctae</strong></span> <span class='ocrx_word' id='word_1_98' title='bbox 262 1427 355 1486; x_wconf 87' lang='lat' dir='ltr'><strong>luere.</strong></span> <span class='ocrx_word' id='word_1_99' title='bbox 370 1424 475 1486; x_wconf 84' lang='lat' dir='ltr'><strong>Primis</strong></span> <span class='ocrx_word' id='word_1_100' title='bbox 486 1425 605 1486; x_wconf 89' lang='lat' dir='ltr'><strong>duobus</strong></span> <span class='ocrx_word' id='word_1_101' title='bbox 619 1425 737 1485; x_wconf 82' lang='lat' dir='ltr'><strong>saeculis</strong></span> <span class='ocrx_word' id='word_1_102' title='bbox 751 1425 823 1484; x_wconf 86' lang='lat' dir='ltr'><strong>aluit</strong></span> <span class='ocrx_word' id='word_1_103' title='bbox 835 1424 866 1484; x_wconf 91' lang='lat' dir='ltr'><strong>in</strong></span> <span class='ocrx_word' id='word_1_104' title='bbox 876 1443 930 1486; x_wconf 90' lang='lat' dir='ltr'><strong>suo</strong></span> <span class='ocrx_word' id='word_1_105' title='bbox 940 1427 1007 1486; x_wconf 89' lang='lat' dir='ltr'><strong>sinu</strong></span> <span class='ocrx_word' id='word_1_106' title='bbox 1016 1430 1196 1486; x_wconf 85' lang='lat' dir='ltr'><strong>sanctellater</strong></span> 
     </span>
     <span class='ocr_line' id='line_1_14' title="bbox 194 1512 1197 1591; baseline -0.006 -17"><span class='ocrx_word' id='word_1_107' title='bbox 194 1514 328 1576; x_wconf 84' lang='lat' dir='ltr'><strong>Ecclesia</strong></span> <span class='ocrx_word' id='word_1_108' title='bbox 339 1515 485 1591; x_wconf 90' lang='lat' dir='ltr'><strong>quosdam</strong></span> <span class='ocrx_word' id='word_1_109' title='bbox 498 1514 694 1575; x_wconf 81' lang='lat' dir='ltr'><strong>ferventiores</strong></span> <span class='ocrx_word' id='word_1_110' title='bbox 709 1513 896 1588; x_wconf 87' lang='lat' dir='ltr'><strong>christianos,</strong></span> <span class='ocrx_word' id='word_1_111' title='bbox 912 1513 963 1589; x_wconf 92' lang='lat' dir='ltr'><strong>qui</strong></span> <span class='ocrx_word' id='word_1_112' title='bbox 973 1515 1013 1575; x_wconf 93' lang='lat' dir='ltr'><strong>ob</strong></span> <span class='ocrx_word' id='word_1_113' title='bbox 1028 1516 1114 1574; x_wconf 89' lang='lat' dir='ltr'><strong>vitam</strong></span> <span class='ocrx_word' id='word_1_114' title='bbox 1122 1512 1197 1590; x_wconf 87' lang='lat' dir='ltr'><strong>poeni·</strong></span> 
     </span>
     <span class='ocr_line' id='line_1_15' title="bbox 192 1602 1195 1681; baseline -0.005 -17"><span class='ocrx_word' id='word_1_115' title='bbox 192 1610 314 1677; x_wconf 70' lang='lat' dir='ltr'><strong>tenmm,</strong></span> <span class='ocrx_word' id='word_1_116' title='bbox 327 1617 488 1681; x_wconf 90' lang='lat' dir='ltr'><strong>rerumque</strong></span> <span class='ocrx_word' id='word_1_117' title='bbox 502 1603 669 1664; x_wconf 72' lang='lat' dir='ltr'><strong>fflnnaram</strong></span> <span class='ocrx_word' id='word_1_118' title='bbox 682 1603 923 1664; x_wconf 90' lang='lat' dir='ltr'><strong>meditationibus</strong></span> <span class='ocrx_word' id='word_1_119' title='bbox 936 1603 1097 1665; x_wconf 83' lang='lat' dir='ltr'><strong>exercitam</strong></span> <span class='ocrx_word' id='word_1_120' title='bbox 1112 1602 1195 1678; x_wconf 90' lang='lat' dir='ltr'><strong>appel·</strong></span> 
     </span>
     <span class='ocr_line' id='line_1_16' title="bbox 192 1691 1196 1768; baseline -0.003 -17"><span class='ocrx_word' id='word_1_121' title='bbox 192 1691 243 1752; x_wconf 90' lang='lat' dir='ltr'><strong>lati</strong></span> <span class='ocrx_word' id='word_1_122' title='bbox 261 1693 382 1752; x_wconf 90' lang='lat' dir='ltr'><strong>luerunt</strong></span> <span class='ocrx_word' id='word_1_123' title='bbox 394 1695 531 1753; x_wconf 80' lang='lat' dir='ltr'><strong>Acontea</strong></span> <span class='ocrx_word' id='word_1_124' title='bbox 549 1709 650 1768; x_wconf 74' lang='lat' dir='ltr'><strong>graeco</strong></span> <span class='ocrx_word' id='word_1_125' title='bbox 669 1693 772 1765; x_wconf 87' lang='lat' dir='ltr'><strong>verbo,</strong></span> <span class='ocrx_word' id='word_1_126' title='bbox 789 1692 870 1768; x_wconf 92' lang='lat' dir='ltr'><strong>quod</strong></span> <span class='ocrx_word' id='word_1_127' title='bbox 883 1700 969 1752; x_wconf 88' lang='lat' dir='ltr'><strong>sonat</strong></span> <span class='ocrx_word' id='word_1_128' title='bbox 982 1693 1196 1752; x_wconf 67' lang='lat' dir='ltr'><strong>coarctationem</strong></span> 
     </span>
     <span class='ocr_line' id='line_1_17' title="bbox 192 1777 1195 1858; baseline -0.007 -16"><span class='ocrx_word' id='word_1_129' title='bbox 192 1782 322 1842; x_wconf 78' lang='lat' dir='ltr'><strong>virtutis.</strong></span> <span class='ocrx_word' id='word_1_130' title='bbox 338 1781 449 1842; x_wconf 89' lang='lat' dir='ltr'><strong>beinde</strong></span> <span class='ocrx_word' id='word_1_131' title='bbox 463 1783 573 1841; x_wconf 79' lang='lat' dir='ltr'><strong>saeculo</strong></span> <span class='ocrx_word' id='word_1_132' title='bbox 588 1781 676 1842; x_wconf 90' lang='lat' dir='ltr'><strong>tertio</strong></span> <span class='ocrx_word' id='word_1_133' title='bbox 690 1781 811 1858; x_wconf 87' lang='lat' dir='ltr'><strong>quidam</strong></span> <span class='ocrx_word' id='word_1_134' title='bbox 825 1781 974 1842; x_wconf 85' lang='lat' dir='ltr'><strong>fideliores</strong></span> <span class='ocrx_word' id='word_1_135' title='bbox 990 1780 1142 1853; x_wconf 90' lang='lat' dir='ltr'><strong>christiani,</strong></span> <span class='ocrx_word' id='word_1_136' title='bbox 1156 1777 1195 1854; x_wconf 89' lang='lat' dir='ltr'><strong>qui</strong></span> 
     </span>
     <span class='ocr_line' id='line_1_18' title="bbox 192 1867 1225 1946; baseline -0.003 -18"><span class='ocrx_word' id='word_1_137' title='bbox 192 1869 231 1928; x_wconf 90' lang='lat' dir='ltr'><strong>ad</strong></span> <span class='ocrx_word' id='word_1_138' title='bbox 251 1867 405 1930; x_wconf 83' lang='lat' dir='ltr'><strong>evitandas</strong></span> <span class='ocrx_word' id='word_1_139' title='bbox 423 1870 612 1931; x_wconf 88' lang='lat' dir='ltr'><strong>ethnicorum</strong></span> <span class='ocrx_word' id='word_1_140' title='bbox 630 1870 866 1946; x_wconf 87' lang='lat' dir='ltr'><strong>superstitiones,</strong></span> <span class='ocrx_word' id='word_1_141' title='bbox 886 1877 916 1931; x_wconf 88' lang='lat' dir='ltr'><strong>et</strong></span> <span class='ocrx_word' id='word_1_142' title='bbox 935 1868 1157 1946; x_wconf 84' lang='lat' dir='ltr'><strong>persecutiones,</strong></span> <span class='ocrx_word' id='word_1_143' title='bbox 1170 1882 1195 1924; x_wconf 90' lang='lat' dir='ltr'><strong>se</strong></span> <span class='ocrx_word' id='word_1_144' title='bbox 1224 1891 1225 1906; x_wconf 68' lang='lat'><strong>,</strong></span> 
     </span>
     <span class='ocr_line' id='line_1_19' title="bbox 190 1954 1197 2036; baseline 0.002 -17"><span class='ocrx_word' id='word_1_145' title='bbox 190 1957 369 2020; x_wconf 86' lang='lat' dir='ltr'><strong>abdiderunt</strong></span> <span class='ocrx_word' id='word_1_146' title='bbox 389 1958 640 2034; x_wconf 69' lang='lat' dir='ltr'><strong>intermontium</strong></span> <span class='ocrx_word' id='word_1_147' title='bbox 665 1961 877 2036; x_wconf 82' lang='lat' dir='ltr'><strong>sylvarumque</strong></span> <span class='ocrx_word' id='word_1_148' title='bbox 900 1960 1062 2032; x_wconf 84' lang='lat' dir='ltr'><strong>anfractus,</strong></span> <span class='ocrx_word' id='word_1_149' title='bbox 1080 1954 1197 2017; x_wconf 75' lang='lat' dir='ltr'><strong>muntii</strong></span> 
     </span>
     <span class='ocr_line' id='line_1_20' title="bbox 192 2044 1195 2124; baseline -0.006 -16"><span class='ocrx_word' id='word_1_150' title='bbox 192 2046 263 2108; x_wconf 90' lang='lat' dir='ltr'><strong>dicti</strong></span> <span class='ocrx_word' id='word_1_151' title='bbox 281 2047 403 2108; x_wconf 89' lang='lat' dir='ltr'><strong>suntab</strong></span> <span class='ocrx_word' id='word_1_152' title='bbox 417 2047 475 2108; x_wconf 91' lang='lat' dir='ltr'><strong>alio</strong></span> <span class='ocrx_word' id='word_1_153' title='bbox 494 2048 617 2108; x_wconf 89' lang='lat' dir='ltr'><strong>nomine</strong></span> <span class='ocrx_word' id='word_1_154' title='bbox 637 2065 751 2124; x_wconf 59' lang='lat' dir='ltr'><strong>macco,</strong></span> <span class='ocrx_word' id='word_1_155' title='bbox 763 2048 846 2124; x_wconf 87' lang='lat' dir='ltr'><strong>quod</strong></span> <span class='ocrx_word' id='word_1_156' title='bbox 861 2048 970 2122; x_wconf 83' lang='lat' dir='ltr'><strong>saturn,</strong></span> <span class='ocrx_word' id='word_1_157' title='bbox 983 2050 1033 2108; x_wconf 89' lang='lat' dir='ltr'><strong>vel</strong></span> <span class='ocrx_word' id='word_1_158' title='bbox 1054 2044 1195 2108; x_wconf 82' lang='lat' dir='ltr'><strong>solitarium</strong></span> 
     </span>
     <span class='ocr_line' id='line_1_21' title="bbox 191 2135 1194 2212; baseline -0.007 -16"><span class='ocrx_word' id='word_1_159' title='bbox 191 2142 279 2196; x_wconf 83' lang='lat' dir='ltr'><strong>sonat</strong></span> <span class='ocrx_word' id='word_1_160' title='bbox 292 2141 343 2210; x_wconf 82' lang='grc'>(3).</span> <span class='ocrx_word' id='word_1_161' title='bbox 363 2140 399 2196; x_wconf 83' lang='grc'><strong>111</strong></span> <span class='ocrx_word' id='word_1_162' title='bbox 417 2135 469 2212; x_wconf 86' lang='lat' dir='ltr'><strong>qui</strong></span> <span class='ocrx_word' id='word_1_163' title='bbox 487 2154 525 2196; x_wconf 87' lang='lat' dir='ltr'><strong>cx</strong></span> <span class='ocrx_word' id='word_1_164' title='bbox 543 2135 609 2196; x_wconf 90' lang='lat' dir='ltr'><strong>istis</strong></span> <span class='ocrx_word' id='word_1_165' title='bbox 622 2135 747 2196; x_wconf 90' lang='lat' dir='ltr'><strong>seorsim</strong></span> <span class='ocrx_word' id='word_1_166' title='bbox 760 2137 799 2196; x_wconf 87' lang='lat' dir='ltr'><strong>ab</strong></span> <span class='ocrx_word' id='word_1_167' title='bbox 819 2136 883 2196; x_wconf 88' lang='lat' dir='ltr'><strong>aliis</strong></span> <span class='ocrx_word' id='word_1_168' title='bbox 902 2136 933 2196; x_wconf 90' lang='lat' dir='ltr'><strong>in</strong></span> <span class='ocrx_word' id='word_1_169' title='bbox 952 2153 1054 2198; x_wconf 88' lang='lat' dir='ltr'><strong>eremo</strong></span> <span class='ocrx_word' id='word_1_170' title='bbox 1067 2135 1194 2202; x_wconf 84' lang='lat' dir='ltr'><strong>virebant,</strong></span> 
     </span>
     <span class='ocr_line' id='line_1_22' title="bbox 190 2220 1193 2301; baseline -0.009 -15"><span class='ocrx_word' id='word_1_171' title='bbox 190 2225 384 2299; x_wconf 68' lang='lat' dir='ltr'><strong>anachoreta,</strong></span> <span class='ocrx_word' id='word_1_172' title='bbox 401 2225 450 2284; x_wconf 84' lang='lat' dir='ltr'><strong>vel</strong></span> <span class='ocrx_word' id='word_1_173' title='bbox 469 2226 615 2300; x_wconf 77' lang='lat' dir='ltr'><strong>eremite,·</strong></span> <span class='ocrx_word' id='word_1_174' title='bbox 638 2225 688 2301; x_wconf 90' lang='lat' dir='ltr'><strong>qui</strong></span> <span class='ocrx_word' id='word_1_175' title='bbox 706 2241 778 2286; x_wconf 90' lang='lat' dir='ltr'><strong>vero</strong></span> <span class='ocrx_word' id='word_1_176' title='bbox 797 2224 940 2285; x_wconf 87' lang='lat' dir='ltr'><strong>inunum</strong></span> <span class='ocrx_word' id='word_1_177' title='bbox 957 2220 1193 2286; x_wconf 88' lang='lat' dir='ltr'><strong>convenientesir</strong></span> 
     </span>
     <span class='ocr_line' id='line_1_23' title="bbox 191 2312 1193 2390; baseline -0.004 -16"><span class='ocrx_word' id='word_1_178' title='bbox 191 2319 342 2374; x_wconf 82' lang='lat' dir='ltr'><strong>conventu</strong></span> <span class='ocrx_word' id='word_1_179' title='bbox 360 2314 416 2374; x_wconf 90' lang='lat' dir='ltr'><strong>sub</strong></span> <span class='ocrx_word' id='word_1_180' title='bbox 435 2313 591 2389; x_wconf 86' lang='lat' dir='ltr'><strong>cujusdam</strong></span> <span class='ocrx_word' id='word_1_181' title='bbox 612 2312 775 2390; x_wconf 88' lang='lat' dir='ltr'><strong>superioris</strong></span> <span class='ocrx_word' id='word_1_182' title='bbox 793 2313 962 2375; x_wconf 89' lang='lat' dir='ltr'><strong>obedientia</strong></span> <span class='ocrx_word' id='word_1_183' title='bbox 978 2313 1079 2375; x_wconf 82' lang='lat' dir='ltr'><strong>vivere</strong></span> <span class='ocrx_word' id='word_1_184' title='bbox 1095 2312 1193 2386; x_wconf 68' lang='lat' dir='ltr'><strong>inceps</strong></span> 
     </span>
     <span class='ocr_line' id='line_1_24' title="bbox 190 2401 735 2476; baseline -0.004 -13"><span class='ocrx_word' id='word_1_185' title='bbox 190 2409 271 2476; x_wconf 89' lang='lat' dir='ltr'><strong>runt,</strong></span> <span class='ocrx_word' id='word_1_186' title='bbox 285 2401 427 2463; x_wconf 74' lang='lat' dir='ltr'><strong>cenobite</strong></span> <span class='ocrx_word' id='word_1_187' title='bbox 438 2401 537 2462; x_wconf 81' lang='lat' dir='ltr'><strong>vocati</strong></span> <span class='ocrx_word' id='word_1_188' title='bbox 550 2403 694 2472; x_wconf 88' lang='lat' dir='ltr'><strong>luerunt(</strong></span> <span class='ocrx_word' id='word_1_189' title='bbox 714 2406 735 2472; x_wconf 93' lang='lat'><strong>).</strong></span> 
     </span>
    </p>

    <p class='ocr_par' dir='ltr' id='par_1_5' title="bbox 95 2484 1223 3366">
     <span class='ocr_line' id='line_1_25' title="bbox 225 2484 1223 2568; baseline -0.001 -17"><span class='ocrx_word' id='word_1_190' title='bbox 225 2495 271 2551; x_wconf 82' lang='lat' dir='ltr'><strong>lix</strong></span> <span class='ocrx_word' id='word_1_191' title='bbox 283 2491 330 2551; x_wconf 89' lang='lat' dir='ltr'><strong>his</strong></span> <span class='ocrx_word' id='word_1_192' title='bbox 343 2490 482 2550; x_wconf 88' lang='lat' dir='ltr'><strong>omnibus</strong></span> <span class='ocrx_word' id='word_1_193' title='bbox 493 2490 692 2568; x_wconf 87' lang='lat' dir='ltr'><strong>peculiaribus</strong></span> <span class='ocrx_word' id='word_1_194' title='bbox 701 2489 820 2550; x_wconf 82' lang='lat' dir='ltr'><strong>vivendi</strong></span> <span class='ocrx_word' id='word_1_195' title='bbox 834 2489 999 2551; x_wconf 89' lang='lat' dir='ltr'><strong>rationibus</strong></span> <span class='ocrx_word' id='word_1_196' title='bbox 1011 2495 1040 2551; x_wconf 88' lang='lat' dir='ltr'><strong>S.</strong></span> <span class='ocrx_word' id='word_1_197' title='bbox 1053 2488 1161 2550; x_wconf 85' lang='lat' dir='ltr'><strong>Basilius</strong></span> <span class='ocrx_word' id='word_1_198' title='bbox 1169 2484 1191 2542; x_wconf 91' lang='lat' dir='ltr'><strong>in</strong></span> <span class='ocrx_word' id='word_1_199' title='bbox 1222 2521 1223 2550; x_wconf 72' lang='lat'><em>3</em></span> 
     </span>
     <span class='ocr_line' id='line_1_26' title="bbox 95 2577 1190 2656; baseline -0.01 -12"><span class='ocrx_word' id='word_1_200' title='bbox 95 2636 101 2644; x_wconf 92' lang='lat'><em>.</em></span> <span class='ocrx_word' id='word_1_201' title='bbox 190 2579 308 2640; x_wconf 85' lang='lat' dir='ltr'><strong>Oriente</strong></span> <span class='ocrx_word' id='word_1_202' title='bbox 322 2577 432 2638; x_wconf 64' lang='lat' dir='ltr'><strong>saeculo</strong></span> <span class='ocrx_word' id='word_1_203' title='bbox 441 2579 579 2640; x_wconf 83' lang='lat' dir='ltr'><strong>Ecclesiae</strong></span> <span class='ocrx_word' id='word_1_204' title='bbox 594 2585 700 2655; x_wconf 90' lang='lat' dir='ltr'><strong>quarto</strong></span> <span class='ocrx_word' id='word_1_205' title='bbox 716 2596 773 2655; x_wconf 91' lang='lat' dir='ltr'><strong>pro</strong></span> <span class='ocrx_word' id='word_1_206' title='bbox 786 2579 943 2640; x_wconf 90' lang='lat' dir='ltr'><strong>coenobitis</strong></span> <span class='ocrx_word' id='word_1_207' title='bbox 957 2578 1135 2656; x_wconf 82' lang='lat' dir='ltr'><strong>perfectioris</strong></span> <span class='ocrx_word' id='word_1_208' title='bbox 1146 2581 1190 2634; x_wconf 88' lang='lat' dir='ltr'><strong>su·</strong></span> 
     </span>
     <span class='ocr_line' id='line_1_27' title="bbox 190 2667 1190 2745; baseline -0.008 -16"><span class='ocrx_word' id='word_1_209' title='bbox 190 2675 239 2729; x_wconf 89' lang='lat' dir='ltr'><strong>tus</strong></span> <span class='ocrx_word' id='word_1_210' title='bbox 250 2667 435 2728; x_wconf 88' lang='lat' dir='ltr'><strong>monachalis</strong></span> <span class='ocrx_word' id='word_1_211' title='bbox 447 2670 581 2744; x_wconf 83' lang='lat' dir='ltr'><strong>regulam</strong></span> <span class='ocrx_word' id='word_1_212' title='bbox 597 2668 776 2744; x_wconf 83' lang='lat' dir='ltr'><strong>composuit,</strong></span> <span class='ocrx_word' id='word_1_213' title='bbox 790 2686 881 2745; x_wconf 89' lang='lat' dir='ltr'><strong>quam</strong></span> <span class='ocrx_word' id='word_1_214' title='bbox 898 2668 1039 2728; x_wconf 81' lang='lat' dir='ltr'><strong>tratribus</strong></span> <span class='ocrx_word' id='word_1_215' title='bbox 1052 2669 1190 2728; x_wconf 83' lang='lat' dir='ltr'><strong>observan-</strong></span> 
     </span>
     <span class='ocr_line' id='line_1_28' title="bbox 189 2756 1188 2834; baseline -0.008 -17"><span class='ocrx_word' id='word_1_216' title='bbox 189 2757 260 2817; x_wconf 88' lang='lat' dir='ltr'><strong>dam</strong></span> <span class='ocrx_word' id='word_1_217' title='bbox 273 2756 439 2832; x_wconf 89' lang='lat' dir='ltr'><strong>proposuit.</strong></span> <span class='ocrx_word' id='word_1_218' title='bbox 452 2761 516 2816; x_wconf 86' lang='lat' dir='ltr'><strong>Hoc</strong></span> <span class='ocrx_word' id='word_1_219' title='bbox 525 2756 624 2834; x_wconf 89' lang='lat' dir='ltr'><strong>ipsum</strong></span> <span class='ocrx_word' id='word_1_220' title='bbox 636 2756 667 2815; x_wconf 94' lang='lat' dir='ltr'><strong>in</strong></span> <span class='ocrx_word' id='word_1_221' title='bbox 682 2757 843 2818; x_wconf 87' lang='lat' dir='ltr'><strong>Occidente</strong></span> <span class='ocrx_word' id='word_1_222' title='bbox 855 2757 925 2817; x_wconf 89' lang='lat' dir='ltr'><strong>lecit</strong></span> <span class='ocrx_word' id='word_1_223' title='bbox 938 2757 1046 2818; x_wconf 89' lang='lat' dir='ltr'><strong>eodem</strong></span> <span class='ocrx_word' id='word_1_224' title='bbox 1059 2756 1156 2817; x_wconf 81' lang='lat' dir='ltr'><strong>sacculo</strong></span> <span class='ocrx_word' id='word_1_225' title='bbox 1168 2756 1188 2810; x_wconf 91' lang='lat' dir='ltr'><strong>s.</strong></span> 
     </span>
     <span class='ocr_line' id='line_1_29' title="bbox 188 2841 1189 2922; baseline -0.008 -15"><span class='ocrx_word' id='word_1_226' title='bbox 188 2845 382 2922; x_wconf 69' lang='lat' dir='ltr'><strong>Augustinus,</strong></span> <span class='ocrx_word' id='word_1_227' title='bbox 404 2846 515 2904; x_wconf 86' lang='lat' dir='ltr'><strong>saeculo</strong></span> <span class='ocrx_word' id='word_1_228' title='bbox 538 2852 623 2906; x_wconf 83' lang='lat' dir='ltr'><strong>sexto</strong></span> <span class='ocrx_word' id='word_1_229' title='bbox 647 2849 675 2904; x_wconf 90' lang='lat' dir='ltr'><strong>S.</strong></span> <span class='ocrx_word' id='word_1_230' title='bbox 700 2846 893 2920; x_wconf 70' lang='lat' dir='ltr'><strong>Benedictus,</strong></span> <span class='ocrx_word' id='word_1_231' title='bbox 916 2853 947 2906; x_wconf 91' lang='lat' dir='ltr'><strong>et</strong></span> <span class='ocrx_word' id='word_1_232' title='bbox 970 2847 1079 2906; x_wconf 90' lang='lat' dir='ltr'><strong>saeculo</strong></span> <span class='ocrx_word' id='word_1_233' title='bbox 1096 2841 1189 2904; x_wconf 79' lang='lat' dir='ltr'><strong>decim</strong></span> 
     </span>
     <span class='ocr_line' id='line_1_30' title="bbox 190 2933 1188 3012; baseline -0.005 -17"><span class='ocrx_word' id='word_1_234' title='bbox 190 2934 277 2996; x_wconf 90' lang='lat' dir='ltr'><strong>tertio</strong></span> <span class='ocrx_word' id='word_1_235' title='bbox 291 2939 321 2994; x_wconf 87' lang='lat' dir='ltr'><strong>S.</strong></span> <span class='ocrx_word' id='word_1_236' title='bbox 337 2933 520 2994; x_wconf 84' lang='lat' dir='ltr'><strong>Franciscus.</strong></span> <span class='ocrx_word' id='word_1_237' title='bbox 536 2934 618 2994; x_wconf 89' lang='lat' dir='ltr'><strong>Unde</strong></span> <span class='ocrx_word' id='word_1_238' title='bbox 633 2940 762 3010; x_wconf 87' lang='lat' dir='ltr'><strong>quatuor</strong></span> <span class='ocrx_word' id='word_1_239' title='bbox 777 2941 892 2994; x_wconf 86' lang='lat' dir='ltr'><strong>tantum</strong></span> <span class='ocrx_word' id='word_1_240' title='bbox 905 2940 975 2994; x_wconf 87' lang='lat' dir='ltr'><strong>sunt</strong></span> <span class='ocrx_word' id='word_1_241' title='bbox 986 2933 1188 3012; x_wconf 87' lang='lat' dir='ltr'><strong>praecipacmo·</strong></span> 
     </span>
     <span class='ocr_line' id='line_1_31' title="bbox 188 3019 1186 3099; baseline -0.008 -16"><span class='ocrx_word' id='word_1_242' title='bbox 188 3022 329 3084; x_wconf 89' lang='lat' dir='ltr'><strong>machales</strong></span> <span class='ocrx_word' id='word_1_243' title='bbox 342 3022 464 3098; x_wconf 81' lang='lat' dir='ltr'><strong>regulae,</strong></span> <span class='ocrx_word' id='word_1_244' title='bbox 478 3039 587 3099; x_wconf 89' lang='lat' dir='ltr'><strong>nempe</strong></span> <span class='ocrx_word' id='word_1_245' title='bbox 611 3022 765 3098; x_wconf 72' lang='lat' dir='ltr'><strong>Basiliam,</strong></span> <span class='ocrx_word' id='word_1_246' title='bbox 779 3023 1001 3099; x_wconf 76' lang='lat' dir='ltr'><strong>augustiniana,</strong></span> <span class='ocrx_word' id='word_1_247' title='bbox 1015 3019 1186 3086; x_wconf 78' lang='lat' dir='ltr'><strong>benedictina,</strong></span> 
     </span>
     <span class='ocr_line' id='line_1_32' title="bbox 188 3103 1221 3187; baseline -0.004 -15"><span class='ocrx_word' id='word_1_248' title='bbox 188 3118 219 3173; x_wconf 89' lang='lat' dir='ltr'><strong>et</strong></span> <span class='ocrx_word' id='word_1_249' title='bbox 238 3109 442 3185; x_wconf 87' lang='lat' dir='ltr'><strong>Franciscana,</strong></span> <span class='ocrx_word' id='word_1_250' title='bbox 457 3111 514 3170; x_wconf 90' lang='lat' dir='ltr'><strong>sub</strong></span> <span class='ocrx_word' id='word_1_251' title='bbox 528 3111 636 3187; x_wconf 91' lang='lat' dir='ltr'><strong>quibus</strong></span> <span class='ocrx_word' id='word_1_252' title='bbox 650 3127 755 3172; x_wconf 90' lang='lat' dir='ltr'><strong>omnes</strong></span> <span class='ocrx_word' id='word_1_253' title='bbox 768 3113 984 3174; x_wconf 89' lang='lat' dir='ltr'><strong>monachorum</strong></span> <span class='ocrx_word' id='word_1_254' title='bbox 1000 3113 1120 3173; x_wconf 87' lang='lat' dir='ltr'><strong>Ordines</strong></span> <span class='ocrx_word' id='word_1_255' title='bbox 1130 3103 1187 3168; x_wconf 86' lang='lat' dir='ltr'><strong>mili·</strong></span> <span class='ocrx_word' id='word_1_256' title='bbox 1220 3161 1221 3164; x_wconf 69' lang='grc'>,</span> 
     </span>
     <span class='ocr_line' id='line_1_33' title="bbox 188 3195 1185 3277; baseline 0 -15"><span class='ocrx_word' id='word_1_257' title='bbox 188 3207 263 3275; x_wconf 87' lang='lat' dir='ltr'><strong>tant,</strong></span> <span class='ocrx_word' id='word_1_258' title='bbox 277 3201 345 3261; x_wconf 89' lang='lat' dir='ltr'><strong>licet</strong></span> <span class='ocrx_word' id='word_1_259' title='bbox 358 3199 479 3276; x_wconf 88' lang='lat' dir='ltr'><strong>quidam</strong></span> <span class='ocrx_word' id='word_1_260' title='bbox 492 3202 620 3260; x_wconf 88' lang='lat' dir='ltr'><strong>habeant</strong></span> <span class='ocrx_word' id='word_1_261' title='bbox 639 3201 875 3275; x_wconf 88' lang='lat' dir='ltr'><strong>constitutiones,</strong></span> <span class='ocrx_word' id='word_1_262' title='bbox 898 3208 928 3261; x_wconf 92' lang='lat' dir='ltr'><strong>et</strong></span> <span class='ocrx_word' id='word_1_263' title='bbox 951 3207 1060 3262; x_wconf 88' lang='lat' dir='ltr'><strong>statute</strong></span> <span class='ocrx_word' id='word_1_264' title='bbox 1082 3195 1185 3277; x_wconf 78' lang='lat' dir='ltr'><strong>particu-</strong></span> 
     </span>
     <span class='ocr_line' id='line_1_34' title="bbox 187 3289 981 3366; baseline 0.001 -15"><span class='ocrx_word' id='word_1_265' title='bbox 187 3289 272 3365; x_wconf 85' lang='lat' dir='ltr'><strong>lan&#39;a,</strong></span> <span class='ocrx_word' id='word_1_266' title='bbox 287 3289 454 3366; x_wconf 89' lang='lat' dir='ltr'><strong>cujusmodi</strong></span> <span class='ocrx_word' id='word_1_267' title='bbox 467 3295 548 3366; x_wconf 90' lang='lat' dir='ltr'><strong>sunt,</strong></span> <span class='ocrx_word' id='word_1_268' title='bbox 561 3289 678 3366; x_wconf 86' lang='lat' dir='ltr'><strong>llinimi,</strong></span> <span class='ocrx_word' id='word_1_269' title='bbox 692 3298 722 3351; x_wconf 88' lang='lat' dir='ltr'><strong>ct</strong></span> <span class='ocrx_word' id='word_1_270' title='bbox 733 3289 917 3351; x_wconf 83' lang='lat' dir='ltr'><strong>Carthasiani</strong></span> <span class='ocrx_word' id='word_1_271' title='bbox 930 3294 981 3364; x_wconf 78' lang='lat'>(5).</span> 
     </span>
    </p>
   </div>
   <div class='ocr_carea' id='block_1_4' title="bbox 186 3436 1183 3650">
    <p class='ocr_par' dir='ltr' id='par_1_6' title="bbox 186 3436 1183 3650">
     <span class='ocr_line' id='line_1_35' title="bbox 219 3436 1183 3504; baseline -0.008 -16"><span class='ocrx_word' id='word_1_272' title='bbox 219 3437 255 3502; x_wconf 93' lang='lat' dir='ltr'><strong>(l)</strong></span> <span class='ocrx_word' id='word_1_273' title='bbox 268 3437 301 3489; x_wconf 89' lang='lat' dir='ltr'><strong>ln</strong></span> <span class='ocrx_word' id='word_1_274' title='bbox 323 3437 367 3491; x_wconf 89' lang='lat' dir='ltr'><strong>bis</strong></span> <span class='ocrx_word' id='word_1_275' title='bbox 390 3437 515 3504; x_wconf 57' lang='lat' dir='ltr'><strong>consiliisa</strong></span> <span class='ocrx_word' id='word_1_276' title='bbox 526 3440 579 3489; x_wconf 91' lang='lat' dir='ltr'><strong>trla</strong></span> <span class='ocrx_word' id='word_1_277' title='bbox 592 3437 725 3502; x_wconf 83' lang='lat' dir='ltr'><strong>praedicta</strong></span> <span class='ocrx_word' id='word_1_278' title='bbox 739 3440 802 3489; x_wconf 86' lang='lat' dir='ltr'><strong>vota</strong></span> <span class='ocrx_word' id='word_1_279' title='bbox 815 3438 1005 3490; x_wconf 87' lang='lat' dir='ltr'><strong>substantialia</strong></span> <span class='ocrx_word' id='word_1_280' title='bbox 1019 3436 1183 3491; x_wconf 89' lang='lat' dir='ltr'><strong>continentur:</strong></span> 
     </span>
     <span class='ocr_line' id='line_1_36' title="bbox 187 3507 1183 3574; baseline 0 -16"><span class='ocrx_word' id='word_1_281' title='bbox 187 3517 251 3559; x_wconf 85' lang='lat' dir='ltr'><strong>nam</strong></span> <span class='ocrx_word' id='word_1_282' title='bbox 263 3508 292 3560; x_wconf 90' lang='lat' dir='ltr'><strong>in</strong></span> <span class='ocrx_word' id='word_1_283' title='bbox 307 3509 362 3562; x_wconf 91' lang='lat' dir='ltr'><strong>illis</strong></span> <span class='ocrx_word' id='word_1_284' title='bbox 378 3509 525 3562; x_wconf 79' lang='lat' dir='ltr'><strong>salvatoris</strong></span> <span class='ocrx_word' id='word_1_285' title='bbox 537 3508 647 3560; x_wconf 77' lang='lat' dir='ltr'><strong>verbise</strong></span> <span class='ocrx_word' id='word_1_286' title='bbox 667 3507 756 3562; x_wconf 83' lang='lat' dir='ltr'><strong>Nolito</strong></span> <span class='ocrx_word' id='word_1_287' title='bbox 767 3508 900 3574; x_wconf 72' lang='lat' dir='ltr'><strong>poaudere</strong></span> <span class='ocrx_word' id='word_1_288' title='bbox 914 3523 1014 3563; x_wconf 82' lang='lat' dir='ltr'><strong>aarum</strong></span> <span class='ocrx_word' id='word_1_289' title='bbox 1025 3513 1049 3563; x_wconf 88' lang='lat' dir='ltr'><strong>et</strong></span> <span class='ocrx_word' id='word_1_290' title='bbox 1059 3507 1183 3574; x_wconf 68' lang='lat' dir='ltr'><strong>eremium,</strong></span> 
     </span>
     <span class='ocr_line' id='line_1_37' title="bbox 186 3571 1182 3650; baseline 0 -19"><span class='ocrx_word' id='word_1_291' title='bbox 186 3577 337 3644; x_wconf 84' lang='lat' dir='ltr'><strong>Mattb.19;</strong></span> <span class='ocrx_word' id='word_1_292' title='bbox 352 3585 379 3636; x_wconf 87' lang='lat' dir='ltr'><strong>et</strong></span> <span class='ocrx_word' id='word_1_293' title='bbox 393 3582 420 3634; x_wconf 86' lang='lat' dir='ltr'><strong>in</strong></span> <span class='ocrx_word' id='word_1_294' title='bbox 432 3581 509 3634; x_wconf 87' lang='lat' dir='ltr'><strong>aliis:</strong></span> <span class='ocrx_word' id='word_1_295' title='bbox 527 3579 589 3634; x_wconf 71' lang='lat' dir='ltr'><strong>Neai</strong></span> <span class='ocrx_word' id='word_1_296' title='bbox 601 3579 661 3646; x_wconf 68' lang='lat' dir='ltr'><strong>qua</strong></span> <span class='ocrx_word' id='word_1_297' title='bbox 671 3580 871 3636; x_wconf 81' lang='lat' dir='ltr'><strong>renuntiaverit</strong></span> <span class='ocrx_word' id='word_1_298' title='bbox 885 3581 1008 3636; x_wconf 82' lang='lat' dir='ltr'><strong>omnibns</strong></span> <span class='ocrx_word' id='word_1_299' title='bbox 1021 3571 1182 3650; x_wconf 71' lang='lat' dir='ltr'><strong>caeperunt.</strong></span> 
     </span>
    </p>
   </div>
   <div class='ocr_carea' id='block_1_5' title="bbox 1215 4003 1218 4056">
    <p class='ocr_par' dir='ltr' id='par_1_7' title="bbox 1215 4003 1218 4056">
     <span class='ocr_line' id='line_1_38' title="bbox 1215 4003 1218 4056; baseline 0 0"><span class='ocrx_word' id='word_1_300' title='bbox 1215 4003 1218 4056; x_wconf 88' lang='lat' dir='ltr'><strong>l</strong></span> 
     </span>
    </p>
   </div>
   <div class='ocr_carea' id='block_1_6' title="bbox 0 0 1238 4090">
    <p class='ocr_par' dir='ltr' id='par_1_8' title="bbox 0 0 1238 4090">
     <span class='ocr_line' id='line_1_39' title="bbox 0 0 1238 4090; baseline 0 3"><span class='ocrx_word' id='word_1_301' title='bbox 0 0 1238 4090; x_wconf 95' lang='lat' dir='ltr'><strong> </strong></span> 
     </span>
    </p>
   </div>
  </div>
 </body>
</html>
