2546 4038
652 203 814 262 -tsd—

214 327 344 390 cundum
354 324 497 401 justitiam
511 323 718 400 temperandi3
735 341 801 400 quae
820 329 953 400 potestus
966 321 1023 384 etsi
1036 322 1111 382 dcte
1128 321 1250 396 homin

214 423 245 477 et
259 420 434 492 exercentur
448 413 525 473 inter
545 413 692 486 homines,
709 429 769 472 non
786 413 927 485 humens,
943 411 996 473 sed
1011 410 1118 471 divina
1136 409 1249 472 esseri

212 503 309 575 detur,
326 507 428 577 utpote
442 518 509 578 quae
525 517 577 562 ore
591 500 692 560 divino
707 506 794 562 Petro
808 500 958 576 deterruit,
979 500 1039 574 oui,
1059 501 1118 578 qui
1134 499 1253 576 resistit

214 593 265 654 Dei
278 591 456 652 ordinationi
468 588 577 650 resistit
590 594 659 664 (tt).

251 680 389 758 Sequitur
400 678 522 739 demum
533 679 648 755 quinte,
664 695 814 739 summum
830 676 1006 738 Pontificem
1017 676 1142 740 habere
1158 687 1254 739 ancus

110 793 115 806 ·
215 767 343 840 ιίιιιιειιι,
359 773 389 827 et
400 765 640 843 jurisdictionem
655 781 747 842 supra
766 783 873 826 ornnes
892 765 1064 842 episcopos,
1079 773 1114 828 et
1128 769 1256 828 Patriae

216 857 299 930 chss,
313 855 354 915 ite
376 861 409 915 ut
429 856 467 915 sd
490 853 589 938 ipsum
608 861 724 930 spectet
744 853 895 914 dioeceses
912 851 1038 930 erigere,
1053 872 1174 916 esrum

216 950 366 1016 statuere3
384 944 545 1019 episcopos
569 960 683 1017 creare,
708 942 859 1002 ordinario
880 949 1005 1017 tantum,
1026 945 1076 1003 vel
1089 943 1197 1004 etiarn
1212 961 1257 1004 ex·

217 1030 412 1091 trcordinarie
422 1031 629 1108 jurisdictione
649 1029 919 1106 superessemus
930 1029 1051 1106 jnstitiae
1072 1031 1219 1092 uberi-an

216 1120 255 1180 sd
268 1119 400 1182 officium
413 1137 566 1195 reverere,
581 1119 788 1180 inobedientes
803 1119 919 1195 punire¹
943 1126 984 1192 et,
1007 1119 1033 1180 si
1058 1137 1143 1196 opus
1161 1121 1259 1194 fuerit,

217 1208 369 1286 deponere
387 1229 393 1269 :
411 1225 480 1269 nom
494 1208 582 1286 ipsis
596 1208 712 1269 Christo
731 1207 893 1268 commisse
905 1213 952 1268 est
968 1225 1043 1268 curo
1055 1210 1181 1271 nedum
1198 1227 1247 1272 orn

217 1297 425 1372 numerium,
440 1298 494 1358 sed
508 1304 538 1358 et
552 1297 685 1358 omnium
707 1304 874 1375 postorum,
888 1303 923 1357 ut
934 1297 1039 1358 heberi
1051 1306 1166 1376 posset
1183 1316 1258 1360 unis

218 1387 351 1449 omnium
363 1393 475 1463 postor,
489 1393 519 1447 et
533 1403 593 1448 nne
604 1387 689 1447 fides.

250 1533 286 1600 (i)
300 1534 365 1587 Con.
378 1535 403 1597 7,
417 1533 480 1586 dist.
497 1533 536 1585 tr.
553 1560 580 1570 -
596 1533 633 1598 (ἱ)
647 1533 727 1586 Cone.
742 1532 820 1584 Rom.
833 1531 885 1584 suh
900 1531 1031 1586 silvestro
1044 1547 1105 1600 cup.
1118 1533 1165 1587 ΞΟ.
1182 1533 1255 1596 -ssi

220 1606 281 1658 But.
293 1603 327 1658 Ιιι
341 1605 492 1658 minoribus
507 1605 549 1656 Pii
563 1605 600 1668 11,
617 1608 644 1656 et
657 1618 716 1671 cop.
733 1605 757 1667 i,
772 1604 807 1656 ds
826 1603 903 1656 elect.
922 1631 953 1642 -
966 1605 1001 1670 (t)
1015 1605 1097 1658 Unde
1109 1606 1251 1672 supienter

221 1677 345 1730 dixerunt
358 1676 538 1742 Imperatores
551 1674 728 1738 Theodosius,
747 1679 773 1727 st
786 1673 1006 1740 Valentinianus,
1018 1690 1081 1727 cunr
1096 1676 1174 1729 hunc
1189 1677 1250 1728 erni·

221 1750 316 1800 serunt
329 1747 508 1799 sententiam:
528 1745 617 1810 Diona
630 1760 681 1799 vos
696 1749 734 1798 cst
751 1746 894 1812 conjectata
908 1747 1057 1811 repercutis,
1072 1747 1181 1814 leptim
1196 1745 1250 1799 otii·

220 1823 316 1885 potum
325 1831 351 1868 se
365 1817 517 1883 pvsncipcn
531 1817 662 1884 profiteri.
679 1817 709 1867 L.
725 1817 749 1879 i,
760 1817 820 1868 cod.
830 1815 864 1869 ds
878 1817 931 1883 leg.
943 1843 973 1855 -
986 1818 1022 1884 (5)
1034 1818 1101 1883 Gsp.
1114 1819 1179 1870 tde
1194 1832 1249 1868 con·

222 1903 276 1941 ees.
295 1888 381 1954 presb.
398 1888 464 1940 Haec
485 1887 598 1940 facultas
617 1889 685 1940 adso
708 1888 834 1939 Pontifici
855 1889 991 1954 competit,
1011 1892 1042 1940 ut
1056 1891 1141 1942 etiam
1162 1893 1249 1941 oetrrs

223 1959 359 2023 generalis
373 1959 492 2024 synodus
506 1961 600 2025 plures
615 1959 833 2024 dispensationes
847 1972 864 2009 s
877 1957 1009 2012 Pontides
1021 1959 1193 2026 flagitaverit
1208 1971 1249 2025 pru

222 2031 275 2091 his,
290 2031 337 2096 qui
351 2031 447 2082 Photio
461 2030 642 2095 adheserunt,
656 2031 693 2082 ite
704 2035 735 2082 ut
744 2031 833 2098 ipsum
848 2029 1005 2082 Bosilesnss
1019 2033 1168 2084 cononum
1186 2032 1250 2083 huns

222 2107 382 2169 potestatem
399 2103 427 2153 in
441 2102 720 2168 Pontificefsgnoscet„
736 2107 764 2154 st
776 2103 882 2166 probet.
898 2101 977 2154 Gerd.
993 2101 1085 2168 Soglin
1100 2105 1127 2156 d.
1143 2105 1174 2170 1.,
1189 2101 1246 2170 flii.

223 2202 254 2212 -
269 2175 302 2239 (6)
316 2175 384 2226 Cen.
401 2173 426 2239 d,
442 2188 464 2226 c.
478 2174 518 2236 rt,
534 2187 561 2239 q.
578 2173 599 2224 i.
613 2201 645 2213 -
664 2174 701 2239 (7)
715 2172 889 2224 Reiffenstusl
906 2172 940 2224 de
958 2179 1043 2226 const.
1062 2189 1089 2227 n.
1105 2177 1163 2229 ⁴57.
1178 2173 1247 2238 -(Si

224 2247 291 2309 Qun
301 2246 355 2298 sint
369 2245 412 2297 hae
423 2245 556 2310 gravioris
566 2245 695 2296 momenti
708 2245 874 2310 questiones
884 2244 1003 2310 explicet
1011 2245 1110 2299 Glosss
1120 2249 1149 2300 in
1161 2261 1220 2312 cop
1228 2247 1248 2300 t.

224 2316 258 2369 de
273 2315 343 2369 offic.
358 2316 410 2382 leg.
425 2316 500 2366 verb.
515 2320 662 2368 reseruata.
679 2343 706 2354 -
715 2317 755 2380 (9)
769 2315 931 2368 Benedictus
945 2316 1020 2369 xlv.
1032 2317 1067 2370 de
1081 2319 1184 2385 synod
1199 2318 1245 2369 tt.

224 2401 249 2440 c.
263 2389 287 2452 5,
300 2402 328 2438 ιι.
345 2390 366 2438 t.
381 2414 412 2424 -
428 2386 479 2452 (10)
491 2386 563 2438 Huic
576 2386 661 2439 huliee
675 2385 1246 2453 sdjungsndaesunteiirs‚utbu1.Bsm·

225 2458 285 2512 bitt's
298 2459 340 2510 Pii
355 2458 394 2523 11,
409 2464 436 2510 st
448 2457 506 2510 hut.
526 2451 648 2524 Suscepto·
662 2457 806 2522 repimtnts
820 2456 887 2510 tulit
901 2457 938 2522 11,
953 2472 997 2512 sn.
1018 2459 1089 2513 teos.
1103 2460 1245 2526 -(rt)1n

224 2531 367 2594 sancitum,
381 2530 425 2582 vel
440 2535 598 2580 renovatum
611 2529 662 2582 ruu
675 2529 704 2580 in
717 2529 828 2581 Extrev.
839 2528 1057 2586 dncmsanctam
1071 2532 1106 2586 de
1121 2535 1244 2602 mojonet

226 2604 304 2658 obed.
319 2606 391 2658 inter
405 2617 570 2657 communes.

261 2797 324 2854 trs.
344 2797 455 2853 Praeter
477 2792 537 2852 huo
557 2807 653 2867 usquc
671 2792 821 2852 recensito
835 2791 892 2852 siin
904 2793 991 2868 pluro
1004 2800 1076 2853 sunt
1088 2794 1187 2871 cupite
1198 2809 1242 2870 po

224 2887 375 2955 testatum,
395 2897 463 2958 quse
482 2896 537 2956 per
556 2880 654 2939 solum
678 2895 828 2942 summum
850 2880 1026 2942 Pontificem
1045 2883 1241 2959 explicentur:

226 2969 290 3046 ipse
304 2967 383 3029 enirn
398 2971 480 3029 solus
495 2967 655 3028 concilium
669 2970 807 3044 generale
821 2968 934 3045 indicit,
950 2987 1030 3030 novo
1051 2972 1173 3033 ordines
1187 2969 1242 3032 reii-

226 3056 327 3134 giosos
337 3057 454 3135 probat,
470 3063 499 3118 et
511 3059 573 3133 jem
587 3057 731 3133 probatos
745 3057 924 3135 quandoque
938 3058 1112 3136 supprimit;
1128 3059 1191 3138 ipse
1202 3075 1241 3118 sot

227 3148 273 3206 lus
285 3145 408 3221 itisseio,
424 3152 454 3205 et
467 3144 648 3206 Brevioriurn
664 3145 850 3206 recitandum
864 3145 980 3206 clericis
990 3149 1144 3224 proponit,
1159 3145 1239 3209 indul·

227 3236 342 3312 gentius
355 3235 506 3313 plenarias
518 3234 666 3310 concedit,
681 3242 711 3296 et
723 3235 855 3312 insignes
869 3234 979 3312 pietate
991 3237 1072 3298 viros
1086 3243 1239 3309 Rectorem.

228 3327 276 3386 vei
288 3331 466 3386 Sanctorum
480 3323 548 3383 albo
563 3323 716 3398 adscribit,
730 3331 761 3384 et
773 3323 830 3384 elin
846 3323 952 3384 similia
969 3327 1053 3387 solus
1070 3327 1194 3404 peragit,
1204 3325 1238 3384 ιι(

229 3413 297 3492 quia
309 3418 472 3487 reservate,
488 3413 532 3472 vet
546 3411 616 3489 quie
631 3420 736 3490 suapte
748 3409 855 3474 not‘uru
868 3431 923 3490 per
936 3413 1028 3476 olium
1042 3417 1179 3496 expediri
1192 3429 1237 3478 non

228 3509 365 3577 possunt.
791 3511 792 3514 ’

265 3593 299 3650 ln
324 3590 450 3667 negotiis
472 3587 662 3668 expediendis
682 3595 822 3657 summus
843 3593 979 3657 Pontifex
994 3593 1087 3658 utitur
1108 3599 1237 3675 potestate
1260 3547 1261 3558 ἵ
