2490 4088
440 222 476 233 -
493 181 583 249 55'..

6 315 101 374 edlites
114 318 189 390 post
203 311 385 388 rescriptum
396 313 544 386 subortas,
560 315 607 373 vel
620 313 659 374 ad
672 313 745 374 allas
758 313 825 376 lites
837 315 925 375 etiam
940 312 1024 390 prius

6 404 161 476 existentes,
177 408 209 462 et
224 419 287 462 non
299 401 445 462 indicatas
465 420 526 462 non
540 403 754 463 extenduntur.

30 491 123 563 Quoad
137 507 216 550 vero
238 495 354 566 spectat
374 491 413 550 ad
432 491 576 576 rescripta
593 492 706 567 gratia,
721 492 962 568 distinguendum
977 499 1025 552 est

6 581 205 656 pergratiam
217 580 247 638 in
262 596 384 654 genere,
406 586 435 640 et
453 579 579 656 gratiam
594 580 624 639 in
643 581 744 657 specie
757 582 797 641 ad
810 582 930 657 aliquod
947 582 1024 640 obti-

6 671 118 729 nendum
129 667 336 728 beneficium:
351 684 421 728 nam
434 669 540 744 prime,
553 669 578 728 si
592 669 631 728 sit
644 677 754 745 praeter
764 672 814 746 jus
827 687 887 730 non
906 675 1023 743 eontra,

6 767 25 818 et
37 758 58 816 si
69 758 185 818 nullius
198 756 406 833 praejudicium
420 757 562 830 involvat,
576 757 757 833 plenissime,
773 759 835 819 sive
846 759 1022 834 largissime,

6 847 110 906 usacri
121 862 260 906 canones
273 847 447 921 loquuntur,
466 851 572 905 contra
587 847 803 908 concedentem
816 855 861 908 est
874 847 1024 922 iuterpre-

6 936 87 1006 tanda,
109 934 165 1011 qui
187 933 262 993 nihil
284 933 474 1009 excipiendo,
497 951 587 994 omne
602 936 788 995 concessisse
813 935 1022 1010 praesumitur;

8 1025 120 1084 secunda
129 1041 205 1084 vero
219 1022 321 1082 stricte
335 1028 380 1082 est
394 1022 628 1098 interpretanda,
645 1041 681 1084 eo
696 1025 777 1100 quod
794 1025 973 1100 rescriptum
987 1024 1026 1084 ad

10 1113 171 1172 beneficium
194 1109 442 1188 consequendum
462 1111 633 1171 ambitionis
654 1114 692 1172 ad
718 1113 874 1173 minimum
895 1113 1026 1188 speciem

12 1199 108 1260 ridetur
122 1199 298 1260 continere:
314 1207 343 1259 et
354 1200 421 1259 ideo
435 1200 648 1260 siconeessum
660 1201 697 1261 sit
712 1203 749 1261 ad
762 1202 951 1276 beneficium,
965 1218 1027 1260 uon

14 1291 117 1364 prodest
131 1289 360 1366 adpersionem
373 1306 430 1364 pro
448 1289 595 1350 beneflcio
610 1290 801 1352 obtinendam
810 1294 861 1364 (2).

38 1439 68 1502 (t)
83 1437 238 1503 Gap.15de
252 1435 329 1487 verb,
343 1437 435 1502 signis.
450 1465 480 1474 -
495 1437 530 1502 (2)
545 1437 609 1502 Gap.
620 1437 644 1501 l,
659 1437 692 1489 de
710 1438 796 1502 praeb.
812 1441 838 1488 et
851 1436 947 1500 dignit.
963 1436 991 1488 in
1003 1435 1027 1488 6.

18 1508 70 1559 Lata
79 1524 153 1572 vero,
167 1509 213 1562 vel
231 1508 325 1559 stricta
344 1509 533 1574 interpretatio
548 1509 599 1560 hoc
612 1509 665 1560 sibi
678 1509 745 1572 vult,
758 1508 829 1573 quod
840 1522 901 1559 cum
910 1508 1028 1559 vocabu·

16 1579 61 1630 lun
79 1581 160 1646 plura
183 1578 329 1644 significat,
350 1579 392 1630 vel
411 1583 535 1643 generice
560 1583 587 1630 et
613 1579 676 1643 late,
696 1579 738 1630 vel
760 1579 883 1645 specifice
897 1583 924 1631 et
937 1580 1029 1630 stricte

18 1653 160 1715 accipiatur.
175 1651 220 1702 Sic
233 1650 394 1701 vocabulum
414 1650 528 1716 populus
548 1651 674 1714 generice
693 1650 896 1715 comprehendit
918 1651 1029 1700 clericos

18 1727 38 1771 et
51 1723 136 1786 laicos,
158 1721 206 1773 sed
221 1720 347 1786 specifice
362 1725 464 1772 tanturn
485 1722 585 1773 laicos:
604 1735 687 1786 quare
707 1722 795 1786 posite
813 1721 916 1785 regule,
932 1735 985 1785 qua
1001 1721 1029 1772 iu

20 1792 94 1857 dubio,
114 1795 139 1846 si
159 1793 194 1844 de
216 1795 309 1843 menta
333 1792 506 1844 concedentis
520 1807 574 1844 nou
597 1797 711 1855 constet,
730 1794 891 1862 rescriptum
909 1793 1030 1844 odiosum

19 1865 103 1928 stricta,
116 1870 144 1916 et
157 1863 305 1916 favorabile
319 1863 373 1916 lata
387 1863 423 1915 sit
434 1862 677 1930 interpretandum,
693 1865 851 1929 rescriptum
866 1863 966 1929 populo
977 1864 1029 1914 da·
1069 1863 1072 1878 ¹

20 1939 65 1988 turn
76 1938 186 1990 clericos
203 1935 367 1999 continebit,
386 1936 431 1988 vel
447 1949 513 2001 non,
527 1939 608 2002 prout
620 1935 778 1999 favorabile,
792 1936 835 1986 vel
848 1936 970 1987 odiosum
986 1934 1029 1986 sit.

48 2128 88 2182 ll.
101 2121 255 2198 Rescripta
267 2119 358 2180 modo
379 2135 442 2194 prae
458 2135 491 2178 se
506 2119 608 2178 ierunt
621 2118 746 2194 gratiam
760 2119 799 2178 ab
813 2119 878 2195 ipso
891 2118 1032 2179 Pontifice

24 2211 123 2280 lectam,
137 2211 228 2272 modo
241 2226 296 2285 per
318 2213 521 2281 executorem,
538 2207 586 2266 oui
605 2207 783 2283 diriguntur,
801 2208 989 2278 faciendam(
1009 2211 1030 2276 1.

25 2301 158 2360 Euecutor
168 2307 268 2358 autem
281 2299 329 2357 vel
343 2303 389 2357 est
401 2312 512 2368 merus,
526 2297 573 2355 vel
587 2298 716 2369 mixtus,
732 2297 763 2354 iu
775 2296 867 2371 priori
879 2313 950 2355 casu
961 2312 1032 2370 pro-

26 2387 87 2448 cedit
100 2389 137 2447 de
150 2388 240 2462 plano
252 2386 365 2461 absque
379 2387 441 2444 ulla
452 2384 640 2458 formalitate,
656 2391 686 2444 et
695 2385 807 2460 absque
819 2401 916 2444 causae
929 2385 1033 2460 cogni-

27 2475 107 2550 tione,
122 2477 153 2534 in
177 2475 311 2535 secundo
334 2490 407 2533 vero
429 2474 563 2549 aliqualis
579 2491 678 2533 causae
694 2472 823 2549 cognitio
838 2479 883 2534 est
902 2473 1033 2549 praemit·

26 2567 108 2639 tenda,
128 2571 161 2625 ut
181 2564 238 2624 rite
260 2563 416 2640 procedat,
432 2563 513 2639 quod
526 2569 599 2622 tunc
613 2569 658 2622 est
674 2562 903 2637 observandum,
920 2579 990 2621 eum
1002 2561 1034 2620 in

25 2654 153 2730 rescripto
168 2652 266 2728 aliqua
277 2651 427 2726 reperitur
440 2651 583 2725 clausula,
597 2668 664 2727 quae
680 2652 738 2710 hoo
751 2651 884 2724 suadeat,
897 2656 932 2710 ut
943 2649 968 2709 si
981 2651 1034 2710 ha-

25 2739 113 2802 bentur
130 2762 136 2801 :
155 2743 233 2803 Veris
246 2739 436 2800 ambientibus
459 2739 604 2809 11111111,
622 2745 682 2812 111,
701 2739 810 2798 auditis
828 2739 1035 2798 1111111111-

28 2829 149 2906 lantibus,
164 2836 214 2890 aut
228 2829 285 2888 alia
298 2817 410 2888 similis.
426 2827 570 2903 Equidem
582 2826 671 2886 bisin
685 2826 874 2886 easibusnon
886 2832 984 2902 potest
997 2827 1035 2886 ad

28 2925 111 2978 actum
123 2917 259 2994 rescripti
272 2916 424 2990 devenire,
438 2915 495 2975 nisi
509 2914 611 2992 agnita
625 2921 815 2975 narratorum
827 2915 963 2991 veritate,
973 2921 1033 2989 aut,

28 3007 117 3067 audids
127 3008 193 3082 illis,
208 3007 259 3084 qui
272 3007 382 3066 habeut
395 3005 427 3064 iu
440 3021 531 3065 causa
545 3005 699 3064 interesse.
783 3069 787 3078 ,

52 3143 82 3208 (l)
100 3145 187 3198 Primo
202 3159 268 3199 casu
285 3144 418 3209 rescripta
430 3145 486 3196 vim
506 3145 709 3208 consequuntur
732 3157 748 3195 1
771 3143 815 3196 die
836 3145 929 3205 datae;
951 3142 1036 3194 altero

29 3227 81 3267 uero
92 3230 108 3268 1
119 3217 169 3280 die,
184 3231 238 3284 quo
251 3216 374 3270 executio
384 3215 530 3268 obtinetur.
542 3214 717 3267 Reideustuel
730 3215 764 3267 de
778 3216 901 3282 rescript.
911 3213 988 3266 1.·69.

58 3399 96 3462 18.
110 3402 295 3480 Rescriptum
317 3399 472 3462 executori
483 3400 515 3459 in
526 3400 624 3462 torma
645 3399 816 3460 authentica
834 3404 880 3458 est
893 3398 1037 3461 exbiben-

30 3487 95 3564 im,
109 3491 191 3553 aliter
205 3491 303 3552 eidem
315 3505 378 3549 non
400 3489 527 3550 habetur
549 3489 644 3562 fides,
666 3489 827 3565 integrum,
852 3503 912 3546 non
925 3487 1038 3548 mutila·

31 3583 89 3656 tutu,
105 3599 163 3644 uon
185 3581 328 3644 abrasum
350 3577 382 3638 in
404 3586 490 3656 parte
502 3575 701 3652 substantiali,
716 3583 746 3637 et
762 3577 937 3653 perfeetum,
951 3575 991 3637 itu
1004 3583 1039 3643 ut
