2468 4090
471 183 629 240 ..135-

54 307 66 344 f·
81 304 233 364 Ecclesiam
248 319 304 364 suo
323 304 475 366 viduatam
495 309 615 363 Pastore
636 303 677 363 ita
700 308 809 378 regunt
826 301 1007 376 cardinales,
1033 309 1078 364 ut'

55 393 102 452 cito
113 392 139 452 ei
155 392 264 469 eligant
277 393 459 465 Pontificem,
480 398 514 451 ut
534 390 683 452 intrusum
704 393 781 451 forte
801 391 832 451 in
847 397 959 466 Papatu
977 391 1068 452 etiam

55 481 183 542 mediante
195 482 382 542 anathemate
401 481 570 552 excludant,
588 486 619 540 ut
633 480 751 540 duobus
765 480 1017 542 contendentibus
1029 482 1068 542 de

55 575 149 646 Papatu
162 569 322 630 concilium
335 568 474 646 generale
488 575 664 642 convocent,
679 569 799 644 quando
816 568 874 644 ipsi
889 570 1069 630 contenden-

57 667 89 720 ta
103 677 268 720 convocare
295 666 434 733 renuunt,
464 667 494 718 et
514 665 546 718 ut
568 659 694 734 grande,
713 660 762 718 vel
785 658 908 718 evidens
926 657 1067 719 Ecclesiae

55 750 202 826 periculum
221 749 326 810 leviter
341 747 538 824 disponendo,
560 747 791 808 assentientibus
810 747 949 807 omnibus
970 748 1068 808 cardi-

55 839 151 898 nalibus
164 839 371 914 praesentibus,
387 838 535 897 declinare
554 837 702 897 studeant.
719 842 760 897 be
780 843 890 896 caetero
910 836 1069 912 collegium

56 926 233 986 cardinalium
255 927 327 986 nihil
351 942 466 998 eorum,
493 943 560 1002 quae
589 925 627 985 ad
646 925 797 985 Pontificis
825 931 1013 1002 potestatem,
1039 932 1069 985 et

54 1015 270 1088 jurisdictionem
297 1021 446 1093 spectant,
477 1031 621 1090 peragere
653 1016 751 1088 valet,
781 1031 817 1074 ac
850 1013 976 1088 proinde
1011 1030 1069 1074 nec

56 1120 140 1163 creare
158 1104 333 1180 Episcopus,
348 1120 406 1163 nec
425 1111 542 1163 creatos
560 1103 750 1178 confirmare,
766 1119 824 1162 nec
837 1102 981 1161 beneficia
995 1118 1069 1184 con·

56 1192 127 1266 lene,
140 1210 197 1253 nec
209 1192 267 1252 alia
281 1191 386 1253 similia
399 1194 498 1253 facere
513 1198 622 1268 potest,
638 1190 706 1268 quia
723 1190 872 1251 Pontifieis
886 1196 1019 1266 potestas
1038 1196 1068 1250 et

55 1280 200 1354 jurisdictio
213 1280 244 1340 in
257 1281 454 1340 cardinalium
467 1280 625 1356 collegium
640 1297 700 1340 non
717 1281 822 1339 transit
837 1283 889 1353 (l).

59 1420 109 1542 0⁰idi)
124 1419 245 1488 Capdbi
252 1419 404 1486 periculam
416 1418 440 1484 3,
454 1420 467 1484 fl
480 1383 558 1472 Idem
569 1431 670 1486 quoque
686 1418 720 1470 de
736 1419 814 1472 elect.
825 1419 853 1470 in
866 1419 890 1482 6,
903 1422 931 1470 et
944 1418 1027 1471 clem.
1041 1420 1067 1482 2,

83 1680 137 1737 itt.
152 1681 186 1737 ln
210 1677 350 1738 Ecclesiae
372 1675 543 1752 primordiis
569 1680 723 1736 Summum
747 1675 921 1736 Pontificem
941 1675 1069 1752 eligebat

57 1766 137 1826 clerus
149 1771 310 1841 Romanus,
324 1764 527 1827 testimonium
546 1765 725 1841 quandoque
738 1766 851 1825 ferente
869 1766 996 1841 populo;
1013 1765 1068 1824 sed
1118 1838 1123 1849 ,

57 1854 85 1912 ab
103 1856 226 1932 antiquis
237 1855 436 1930 ‘temporibus
458 1855 517 1914 hoc
539 1856 587 1930 jus
605 1854 762 1915 solidatum
776 1861 822 1914 est
835 1854 866 1913 in
879 1854 936 1914 illis
952 1860 1067 1914 tautum

56 1942 180 2018 declaro,
195 1945 247 2021 qui
262 1944 464 2006 cardinalatus
484 1943 626 2020 dignitate
640 1945 762 2018 fulgent,
778 1943 869 2003 modo
884 1944 991 2004 saltem
1001 1943 1068 2004 Dia·

57 2033 111 2090 coni
123 2033 199 2107 sint,
219 2035 267 2093 vel
291 2032 418 2108 eligendi
439 2033 611 2092 facultatem
626 2050 644 2090 a
658 2031 798 2091 Pontifice
817 2031 998 2092 obtinuerint
1020 2038 1067 2102 (ll.

58 2121 150 2181 Electio
163 2121 336 2182 autemfieri
350 2122 439 2182 debet
452 2121 482 2179 in
498 2123 650 2192 conclave,
667 2121 801 2197 pluribus
811 2121 948 2180 adhibitis
962 2120 1067 2182 condi-

58 2208 177 2285 tionibuS,
193 2218 223 2272 et
236 2210 486 2283 solemnitatibus,
503 2218 532 2270 et
545 2217 577 2270 ut
595 2209 692 2269 valida
703 2209 750 2283 sit,
766 2211 872 2269 saltem
887 2209 953 2268 duae
966 2209 1062 2269 tertiae

59 2299 235 2360 cardinalium
258 2305 358 2375 partes
375 2299 406 2358 in
426 2315 493 2359 eam
513 2299 619 2359 debent
647 2297 815 2358 consentire
827 2301 913 2372 iuxta
930 2299 1066 2374 prascri-

59 2391 126 2458 ptum
138 2388 167 2447 in
182 2405 275 2464 supra
287 2387 396 2460 citatis,
411 2387 535 2464 aliisque
545 2386 809 2447 constitutionibus
822 2387 1008 2463 apostolicis

81 2543 111 2608 (l)
123 2544 187 2596 Haec
200 2544 343 2596 Pontificis
352 2543 470 2609 eligendi
493 2543 580 2594 torma
590 2544 647 2609 jam
661 2542 697 2593 ab
711 2555 781 2594 enno
795 2542 864 2601 1179,
878 2542 983 2592 firmata
997 2543 1047 2594 mit
1062 2563 1069 2594 ι

58 2626 107 2664 nam
122 2615 277 2667 Alexander
291 2616 332 2666 Ill
349 2615 377 2666 in
391 2615 503 2667 concilio
515 2613 638 2680 generali
652 2614 828 2665 Laterauensi
844 2614 886 2662 ΙΙΙ
900 2613 934 2664 de
958 2614 1069 2667 concilio

57 2683 154 2738 fratrum
168 2699 288 2748 suorum,
314 2689 341 2737 et
364 2685 435 2738 sacri
458 2685 653 2752 approbatione
677 2684 785 2736 concilii
810 2687 950 2745 statuerat,
972 2690 1003 2735 ut
1025 2684 1070 2737 itta

58 2754 138 2822 absque
149 2757 207 2808 ulla
223 2757 420 2821 acceptionem
435 2755 585 2808 universali
599 2755 707 2808 cocleae
722 2753 859 2808 Romanus
877 2755 1003 2821 Pontifcc
1017 2754 1068 2808 bu·

58 2823 145 2892 lectur,
159 2827 238 2894 quia
255 2827 357 2880 ductus
382 2827 506 2893 partious
526 2826 724 2892 (cardinalium)
738 2825 958 2880 concordantibus
973 2825 1069 2879 electas

56 2895 134 2961 cmlii,
151 2901 319 2963 atrectatus.
333 2898 398 2963 cap.
414 2897 475 2950 licet
489 2897 522 2949 de
535 2895 650 2950 citanda
666 2897 690 2960 6,
706 2896 740 2948 de
755 2897 832 2949 elect.
848 2897 876 2947 si
892 2911 955 2948 vero
971 2911 1067 2948 uume-

56 2980 92 3017 rus
103 2970 278 3022 cardinalium
289 2971 327 3020 ita
337 2970 522 3031 imminuatur,
537 2971 567 3019 ut
578 2969 631 3020 duo
641 2969 746 3018 tantum
757 2967 854 3033 reliqui
867 2969 930 3030 sint,
941 2968 969 3019 bi
979 2968 1068 3020 adhuc

55 3043 166 3102 poterunt
178 3042 288 3108 eligere,
303 3044 330 3092 et
342 3055 413 3092 unus
428 3041 527 3106 poterit
549 3040 649 3105 eligere
664 3038 757 3089 alium.
778 3039 864 3090 Immo
879 3041 902 3090 si
921 3053 991 3090 unus
1007 3044 1067 3090 tan·

55 3111 102 3160 tum
118 3113 239 3178 reliquus
252 3113 296 3177 sit,
310 3114 410 3176 poterit
421 3111 531 3176 eligere,
548 3111 626 3165 modo
642 3124 671 3161 se
695 3110 783 3175 ipsum
800 3124 854 3161 non
868 3111 959 3175 eligat.
978 3111 1006 3161 Si
1020 3111 1067 3162 de-

57 3181 124 3248 nique
137 3197 230 3235 omnes
244 3183 394 3235 cardinales
407 3183 505 3234 mortui
519 3182 582 3245 sint,
597 3181 691 3233 electio
705 3184 830 3247 spectare
844 3182 951 3233 videtur
960 3181 995 3232 ad
1011 3183 1067 3234 cle·

57 3265 105 3304 rum
120 3255 280 3316 Romanum,
291 3255 336 3306 vel
350 3255 384 3306 ad
398 3254 546 3306 Concilium
561 3253 696 3318 generale.
714 3253 807 3304 Prima
823 3253 1004 3305 sententiaeb
1014 3255 1068 3305 Ab.

57 3323 233 3443 {enormiteno
256 3326 355 3378 dicitur
378 3325 470 3390 tutior,
492 3325 611 3378 secunda
620 3325 733 3390 justior.
751 3325 784 3376 In
808 3339 866 3390 cap.
887 3325 932 3376 cit.
950 3324 1010 3379 ticet
1034 3325 1068 3378 de

59 3404 124 3448 tect.

99 3567 157 3625 132.
185 3565 354 3626 cardinales
391 3571 499 3641 regunt
537 3565 788 3642 congregationes
814 3582 832 3624 a
860 3569 888 3626 S.
926 3564 1067 3626 Pontifice
