2468 4090
485 228 521 240 -
539 201 589 258 l'll
610 228 647 241 -

66 329 145 384 recte.
159 327 234 383 Nam
255 320 387 382 vicarius
407 319 559 382 Generalis
572 320 662 381 habet
672 321 910 397 jurisdictionem
932 322 1082 400 Episcopi,

66 419 190 472 etunum
208 411 347 488 idemque
368 427 437 470 cum
450 409 517 486 ipso
542 410 683 484 tribunal,
705 410 769 471 sire
792 412 971 473 auditorium
985 417 1037 487 (l),
1051 412 1082 472 in
1182 424 1185 429 ·

67 519 116 578 quo
128 501 222 579 ipsius
239 499 377 576 Episcopi
390 515 554 576 personam
579 507 776 580 repraesentat
796 504 848 574 (2).
876 501 990 563 ldcirco
1014 502 1083 578 Epi-

66 589 139 668 scopi
152 598 182 650 et
197 589 300 652 vicarii
323 589 472 649 Generalis
485 606 545 648 una
565 588 730 664 eademque
751 596 797 649 est
812 588 990 665 iurisdictio,
1005 590 1081 652 etin

65 687 182 756 utroque
195 679 355 752 ordinaria,
371 695 441 738 cum
464 678 552 738 ambo
574 677 605 737 in
619 677 827 738 communibus
849 679 938 754 hujus
963 678 1082 755 jurisdi-

66 768 161 828 ctionis
173 769 321 828 attributis
334 784 425 828 unam
437 768 569 832 referant
583 783 745 843 personam
757 768 912 841 moralem,
928 769 1083 830 attactum

66 859 143 918 unius
162 859 201 918 sit
220 859 333 918 factum
355 857 478 917 alterius
500 860 551 929 (3).
567 860 692 931 insuper
706 855 731 914 si
748 854 855 915 vicarii
876 857 1024 917 Generalis
1034 857 1083 934 ju·

66 947 184 1007 risdictio
206 949 284 1007 foret
308 945 454 1022 delegata,
474 945 597 1005 daretur
617 943 776 1021 appellatio
791 961 808 1002 a
825 943 941 1005 vicario
962 946 1001 1004 ad
1015 945 1083 1022 Epi·

12 1109 13 1114 γ
66 1052 191 1112 scopum,
215 1042 248 1095 ut
268 1035 354 1094 datur
376 1054 394 1094 a
417 1035 554 1109 delegato
575 1033 613 1093 ad
637 1033 844 1108 delegantem,
868 1038 901 1092 ut
925 1050 944 1092 a
967 1032 1083 1094 vicario

12 1157 13 1160 =
67 1125 294 1200 nonappellatur
310 1121 349 1182 ad
363 1122 553 1199 Episcopum,
568 1120 637 1197 quia
651 1120 731 1180 idem
753 1127 833 1180 esset
856 1137 892 1180 ac
915 1119 953 1180 ah
976 1121 1083 1183 eodem

65 1212 99 1271 ad
125 1213 263 1273 eumdem
288 1213 440 1288 appellare
469 1216 537 1285 (l),
562 1209 653 1270 immo
681 1226 739 1268 nec
765 1211 879 1269 valeret
896 1210 1084 1270 consuetudo

66 1301 222 1376 appellandi
248 1304 299 1375 (5).
324 1299 494 1360 lurisdictio
522 1299 622 1374 itaque
644 1297 750 1358 vicarii
773 1296 923 1359 Generalis
949 1313 1010 1356 non
1039 1303 1085 1358 est

66 1389 199 1466 delegata,
223 1390 276 1450 sed
301 1388 473 1462 ordinaria,
502 1388 584 1464 quod
602 1386 793 1462 intelligimus
818 1387 855 1446 de
878 1385 1084 1461 jurisdictione

67 1479 275 1540 communicata
287 1495 342 1555 per
362 1477 492 1555 primurn
504 1477 690 1549 mandatum,
704 1477 773 1535 licet
795 1476 890 1535 multa
911 1475 1085 1550 specialium

66 1567 301 1628 commissionum
328 1566 426 1644 capita
453 1566 625 1639 contineat,
652 1571 682 1623 et
709 1564 747 1623 de
771 1563 978 1640 jurisdictione
1000 1580 1083 1624 com-

66 1657 204 1716 municata
231 1657 427 1732 imposterum
451 1671 506 1731 per
525 1653 605 1714 aliud
631 1651 760 1729 speciale
783 1652 966 1726 mandatum,
992 1652 1083 1712 modo

53 1723 117 1805 'hor
141 1747 242 1806 datum
270 1745 308 1805 sit
336 1743 449 1805 vicario
482 1750 635 1819 tamquam
661 1741 796 1816 vicario,
823 1743 870 1803 rel
898 1741 1016 1802 ratione
1039 1742 1084 1801 vi·

67 1834 206 1908 carlatns3
244 1851 304 1909 quo
336 1850 407 1893 casu
442 1831 654 1894 concessiones
684 1829 846 1905 uniuntur,
879 1837 909 1890 et
942 1830 1024 1906 quod
1046 1831 1085 1890 de

65 1939 118 1982 uno
135 1939 342 1984 connexorum
355 1921 493 1981 statuitur
507 1919 639 1980 adalind
653 1935 825 1978 connexum
839 1919 1010 1980 extenditur
1026 1925 1036 1994 (
1057 1924 1082 1992 ).

66 2012 115 2071 Sed
136 2012 161 2071 si
187 2011 353 2087 Episcopus
380 2009 451 2086 quid
473 2009 588 2070 vicario
616 2025 671 2067 suo
691 2007 856 2068 committat
878 2007 1084 2084 independen-

67 2106 105 2159 ter
116 2100 296 2174 avicariatu,
310 2117 364 2160 seu
378 2098 504 2160 seorsim
516 2104 670 2173 tamquam
684 2103 835 2171 extraneo,
861 2097 1013 2173 praediotae
1034 2114 1083 2157 ra·

11 2193 13 2208 '
66 2187 151 2251 tiones
165 2197 295 2263 cessant,
310 2195 340 2249 et
353 2188 518 2266 jurisdictio
531 2193 667 2246 remanet
681 2186 825 2262 delegata,
840 2185 872 2244 in
890 2203 950 2261 qua
967 2186 1083 2248 aliea·

66 2277 103 2338 rio
115 2281 151 2338 ad
164 2279 345 2356 Episcopum
359 2276 517 2354 appellatio
530 2274 709 2335 admittitur.

55 2438 59 2451 Ι
95 2373 190 2444 deque
210 2369 289 2427 hanc
311 2374 445 2427 nostram
469 2363 694 2425 conclusionem
721 2368 844 2423 enervat
865 2361 1084 2423 contrariorum

67 2463 276 2532 argumentum,
290 2455 372 2532 quod
382 2451 550 2531 jurisdictio
566 2451 718 2512 ordinaria
728 2451 847 2511 datura
867 2453 955 2528 lege,
972 2451 1026 2511 sed
1035 2451 1086 2527 ju-

65 2542 187 2606 risdictio
200 2543 303 2604 vicarii
316 2544 404 2604 datur
417 2543 455 2602 ab
479 2541 600 2601 homine
617 2561 623 2601 ;
646 2557 701 2600 seu
714 2541 752 2600 ab
766 2539 926 2617 Episcopo,
942 2541 1028 2617 cujus
1038 2540 1085 2600 vi·

66 2648 110 2692 ces
121 2635 197 2710 gerit
213 2652 219 2693 :
236 2649 304 2692 uam
318 2633 426 2692 falsum
441 2637 497 2704 est,
508 2629 745 2704 jurisdictionem
758 2628 862 2689 vicarii
879 2629 997 2706 integro
1011 2647 1083 2705 pro·

65 2722 156 2784 renue
169 2724 208 2784 ab
221 2721 360 2782 homine:
379 2720 518 2797 equidem
534 2719 671 2795 provenit
685 2719 722 2778 ab
735 2717 866 2788 homine,
881 2724 1027 2794 quatenus
1037 2718 1086 2777 Vi·

66 2811 154 2872 carius
166 2813 256 2872 debet
266 2811 304 2871 ab
318 2810 465 2887 Episcopo
480 2807 637 2881 nominari,
656 2807 710 2868 sed
724 2808 894 2868 nominatus
903 2805 1083 2884 jurisdictio·

66 2912 126 2958 nem
139 2899 230 2958 habet
242 2915 281 2958 ex
302 2898 380 2974 jure.
400 2896 475 2957 llinc
497 2913 559 2955 non
580 2895 640 2970 agit
660 2893 740 2954 vires
762 2895 884 2955 alterius
909 2900 1025 2954 tantum
1043 2910 1083 2954 ex

66 2987 279 3060 commissione,
294 2986 358 3060 sed,
373 2984 571 3061 proesuposita
586 2983 805 3056 commissione,
821 2982 852 3043 in
869 2981 992 3059 proprio
1016 2984 1083 3042 offi-

66 3074 116 3149 cio,
129 3083 160 3136 et
173 3093 213 3138 ex
223 3075 300 3152 juris
313 3072 509 3150 dispositione
522 3072 588 3132 vice
600 3071 722 3133 alterius
734 3072 877 3148 fungitur,
892 3078 926 3132 ut
943 3077 1026 3148 patet
1043 3087 1083 3130 ex

65 3166 120 3224 toto
132 3165 217 3224 titulo
232 3164 270 3224 de
283 3163 381 3224 officio
394 3162 499 3223 vicarii
520 3162 550 3221 in
564 3167 655 3222 Sexto
669 3162 866 3223 Decretalium
885 3165 937 3234 (7).
953 3162 1083 3221 Firmum

65 3249 155 3328 itaque
177 3267 297 3329 semper
318 3256 429 3321 manet,
454 3249 559 3311 vicarii
580 3250 729 3310 Generalis
751 3249 990 3327 jurisdictionem
1015 3265 1083 3310 esse

65 3341 246 3417 ordinariam,
261 3341 310 3402 vel
320 3340 503 3416 mandatam,
517 3345 552 3400 ut
565 3339 614 3400 alii
625 3339 739 3416 dicunt,
754 3356 821 3416 quae
836 3337 994 3400 ordinariae
1007 3337 1081 3399 assi·

66 3427 185 3490 mitetur.
920 3418 926 3438 ⁴

91 3600 122 3666 (l)
140 3601 205 3668 Gap.
225 3602 250 3667 2,
265 3602 299 3658 de
322 3600 488 3656 consuetis
505 3599 530 3654 t.
546 3627 577 3642 -
590 3601 626 3668 (2)
646 3603 710 3670 Gap.
726 3604 751 3667 3,
764 3601 798 3656 de
812 3601 901 3668 appel.
916 3601 943 3654 in
960 3600 985 3668 6,
1001 3603 1029 3655 et
1042 3600 1081 3654 ib.
