2490 4088
615 161 757 218 ..50-

177 284 263 341 eulari
277 286 329 353 legi
350 287 471 352 derogat,
485 288 516 337 ut
528 287 592 338 sunt
610 284 826 350 dispensationes
842 285 877 336 ab
891 283 1092 352 impedimentis
1105 285 1197 336 matri·

177 361 260 412 monii
275 361 329 410 :net
345 357 494 409 secundum
512 358 608 422 legem,
624 356 696 421 quod
715 356 783 422 legis
804 357 991 409 executionem
1007 359 1156 422 promovet,
1170 359 1198 407 ut
1240 368 1241 382 1

178 435 241 484 sunt
253 430 437 494 delegationes
451 442 603 482 causarum.

212 629 257 684 11
279 622 467 698 Privilegium
492 628 537 682 est
562 622 678 697 privata
700 623 760 696 lex,
789 638 850 697 qua
869 620 1003 681 Pontifex
1026 620 1138 680 extra
1128 618 1242 702 Juris

176 711 323 784 ordinem,
338 713 387 771 vel
408 711 447 769 ob
468 710 607 771 meritum
625 710 751 786 gratiam
774 710 917 786 indulget,
939 711 986 769 vel
1008 710 1048 768 ob
1062 709 1242 769 delictum
1241 743 1242 754 1

176 817 301 878 poenem
314 799 437 874 irrogat,
452 799 493 860 ita
506 805 651 859 tamenut
670 799 708 857 ad
731 799 902 873 exemplum
917 814 980 856 non
1001 797 1143 856 trahatur.
1159 801 1202 856 111
1241 797 1242 808 ’

176 907 237 966 quo
264 887 409 965 sequitur,
427 888 508 964 quod
533 887 687 964 privilegia
708 887 795 947 alicui
815 902 1016 962 personarum
1031 885 1144 960 generi,
1170 893 1202 946 ut

175 977 281 1049 vidula,
309 977 484 1050 minoribus¹
506 975 633 1050 clericis,
658 984 710 1035 aut
736 975 924 1051 regularibus
947 991 1103 1048 concessa,
1124 974 1202 1034 etin

176 1083 303 1142 corpore
314 1065 390 1141 juris
402 1065 619 1140 comprehensa
639 1065 739 1140 polius
752 1065 828 1125 Jora
846 1064 1024 1140 singularia,
1038 1079 1129 1138 quam
1143 1062 1201 1138 pri·

126 1171 128 1176 ·
175 1155 283 1228 vilegia
292 1155 431 1213 videntur
444 1170 512 1214 esse
521 1153 724 1228 nuncupanda
738 1159 788 1225 (l).

212 1240 400 1317 privilegium
415 1241 612 1301 communiter
628 1241 768 1300 dividitur
786 1240 817 1299 11
831 1239 1003 1316 favorabile,
1018 1245 1048 1300 et
1061 1239 1203 1314 odiormn,

177 1333 208 1392 11
229 1330 392 1408 personale,
413 1337 443 1388 et
460 1330 549 1390 reale.
574 1330 746 1390 lavorabile
766 1329 883 1402 dieitur,
903 1327 985 1404 quod
1008 1329 1144 1404 gratiam,
1161 1331 1206 1388 vel

177 1423 312 1481 favorem
325 1419 468 1492 continet,
488 1426 521 1479 ut
540 1418 675 1478 liberatio
701 1436 720 1478 a
738 1418 889 1478 solvendis
910 1416 1049 1490 decimis,
1071 1417 1207 1476 odiosum

178 1526 251 1569 vero
267 1507 348 1583 quod
362 1523 484 1582 poenam
499 1525 535 1567 ea
558 1507 739 1582 graviorem¹
751 1507 891 1578 continet,
912 1524 978 1581 quae
999 1506 1175 1582 generaliter
1190 1523 1207 1564 a

178 1600 244 1673 lege
269 1601 315 1655 est
343 1595 513 1655 constituta.
534 1596 725 1672 privilegium
746 1596 912 1672 appellatur
933 1596 1099 1670 personale,
1127 1594 1208 1670 quod

158 1737 161 1743 .
179 1703 333 1763 personae3
348 1685 428 1744 reale
442 1684 523 1759 quod
536 1684 591 1757 rei,
608 1687 655 1744 vel
671 1701 769 1743 causae
788 1684 885 1742 datur.

215 1779 295 1834 luter
306 1773 485 1849 personalia,
495 1780 525 1832 et
538 1772 630 1832 realia
642 1771 799 1848 privilegia
812 1788 954 1847 magnum
969 1777 1016 1831 est
1031 1771 1207 1831 discrimen:

180 1863 316 1939 prolecto
330 1861 499 1938 personalia
514 1862 553 1920 ad
565 1861 700 1921 haeredes
718 1878 779 1920 101
805 1867 970 1934 transeunt,
998 1877 1055 1920 nec
1075 1860 1209 1920 cessione

179 1952 210 2010 in
235 1952 322 2010 aliam
347 1967 507 2027 personam
526 1957 651 2026 possunt
677 1950 840 2023 transferri,
864 1950 933 2025 quie
959 1966 1121 2025 personam
1149 1967 1210 2009 101

181 2039 384 2116 egrediuntur,
414 2040 500 2114 cujus
527 2047 624 2098 morte
652 2038 800 2113 expirant.
832 2039 930 2099 Realia
957 2055 1146 2099 econverso
1173 2039 1210 2098 ad

179 2128 314 2189 haeredes
328 2134 485 2188 transeunt
508 2134 538 2187 et
552 2134 634 2186 recte
649 2135 775 2202 possunt
794 2128 859 2187 aliis
873 2128 956 2201 cedi,
972 2145 1033 2187 101
1054 2127 1135 2188 enim
1147 2129 1211 2187 baec

179 2234 351 2294 personam,
362 2217 415 2276 sed
425 2233 490 2276 rem
503 2223 680 2292 sequuntur,
696 2217 744 2276 cui
758 2218 878 2276 luerunt
892 2216 1011 2289 tribula,
1028 2223 1058 2276 et
1069 2235 1123 2294 per
1138 2235 1210 2276 con·

179 2323 309 2382 sequens
323 2324 383 2365 101
395 2312 492 2365 morte
507 2323 655 2381 personae,
670 2307 723 2365 sed
736 2306 780 2364 rei
793 2305 913 2364 11101111
927 2305 1153 2380 extinguuntur.

216 2395 300 2460 Quod
315 2394 340 2453 si
358 2394 539 2465 0111111110,
560 2399 589 2452 et
611 2411 650 2453 ex
672 2393 903 2454 circumstantiis
917 2394 1053 2469 dignosci
1071 2404 1209 2470 nequeat,

180 2501 218 2542 an
233 2482 421 2560 privilegium
440 2482 475 2541 sit
495 2485 664 2558 personale,
689 2485 737 2542 vol
748 2485 837 2554 reale,
867 2483 990 2558 quidam
1014 2492 1120 2558 putant
1144 2501 1211 2544 esse

178 2573 372 2649 judicandum
393 2573 562 2646 personale,
582 2572 607 2630 si
633 2589 782 2630 excausa
808 2571 947 2646 gratuita,
977 2579 1006 2632 et
1025 2575 1115 2645 reale,
1133 2574 1158 2632 si
1171 2592 1210 2633 ex

182 2679 272 2721 causa
302 2678 430 2741 onerosa
456 2659 598 2719 oriatur:
627 2659 747 2735 quidam
774 2677 845 2719 vero
875 2661 995 2734 docent,
1024 2661 1211 2737 privilegium

182 2751 328 2818 odiosum,
344 2755 374 2808 01
387 2749 418 2807 11
433 2748 638 2825 praejudicium
652 2748 830 2823 reipublicae,
845 2755 896 2808 aut
903 2749 980 2822 juris
994 2749 1081 2808 tertio
1096 2751 1211 2826 quaesiti

182 2840 293 2911 datum,
307 2837 503 2913 judicandum
514 2839 682 2913 personale,
699 2837 767 2912 quia
781 2837 849 2896 odia
864 2844 934 2897 suut
948 2839 1169 2914 restringenda,
1182 2847 1211 2899 01

181 2927 366 3005 privilegium
377 2927 547 2998 favorabile,
561 2928 770 3001 publicamque
791 2927 949 2986 utilitatem
964 2928 1078 3002 absque
1090 2930 1211 2988 alterius

182 3015 353 3092 praejudicio
375 3015 528 3090 'adjuvans
553 3015 747 3090 judicandum
779 3017 868 3088 reale,
903 3015 972 3090 quia
1003 3013 1122 3076 favores
1143 3025 1212 3077 sunt

182 3103 350 3180 ampliandi.
368 3109 497 3180 Utraque
510 3105 575 3164 haec
589 3105 692 3178 regula
706 3102 736 3176 11
748 3103 897 3180 privilegii
908 3105 1154 3181 interpretatione
1167 3116 1213 3169 est

182 3193 450 3264 consideranda(
428 3197 468 3263 a.)

214 3347 317 3412 (l)Hoc
326 3348 438 3399 interest
448 3348 633 3412 prolemsim
635 3362 664 3400 er
679 3350 828 3414 privilegia,
842 3353 888 3401 01
878 3365 942 3416 1111
953 3353 1110 3419 singularia,
1121 3354 1211 3420 quod

185 3419 494 3484 1⁰1llaporestjndex
488 3431 622 3482 ignorare,
635 3421 773 3471 nonhmc:
789 3422 813 3471 21
828 3422 876 3474 1111
893 3425 1082 3489 praesentanda
1097 3431 1168 3490 sunt,
1183 3429 1214 3476 ut

185 3489 401 3541 affectumsuum
418 3489 657 3547 sortiantur;l1aec
681 3505 751 3555 vero,
770 3493 897 3558 utlegeS,
914 3494 994 3544 etiam
1011 3496 1069 3547 sine
1092 3505 1213 3560 praeseu-

185 3561 284 3614 tatione
299 3576 332 3613 err
346 3575 373 3613 se
388 3561 551 3662 obligatior
554 3577 580 3612 m
597 3563 749 3616 inducunt:
771 3564 796 3616 31
809 3565 864 3616 illis
878 3568 967 3631 potest
981 3566 1042 3631 quis
1057 3567 1214 3633 regulariter
