2468 4090
458 209 657 271 '·-lal-

45 331 128 408 gieta
142 349 201 408 per
214 349 311 393 annos
324 333 461 394 lleclesIae
481 333 634 394 servitium
647 331 815 410 praestiterit
829 337 881 408 (8).
903 331 938 392 lli
960 331 1082 408 quidem

46 439 157 482 ornnes
182 420 403 484 distributiones
426 423 613 500 quotidianas
638 420 816 500 percipiunt,
838 437 1020 500 quamquam
1034 421 1084 480 ab·

47 508 106 570 sint
120 528 141 570 a
157 511 253 596 obruo
268 514 319 582 (9).

77 657 115 722 (l)
131 657 264 709 Giraldus
277 657 312 709 ad
327 658 369 725 tit.
388 658 421 709 de
435 658 501 710 cler.
516 671 569 710 non
584 656 664 710 resid.
681 661 747 710 sect.
762 657 819 708 358.
837 657 888 710 He
908 656 1079 710 distributio·

48 742 95 780 nes
113 730 260 781 manuales
274 734 379 781 tentum
393 731 464 781 lnter
477 735 624 797 praesentes
634 729 770 780 dicuntur.
785 729 907 780 analect.
923 727 981 780 Jur.
999 729 1079 780 Pout.

51 813 102 850 ser.
117 802 146 851 5.
164 813 226 865 pag.
243 800 311 852 1019.
326 829 356 837 -
378 801 413 865 (1)
428 800 469 851 Id.
486 801 530 851 cit.
545 801 595 851 loc.
615 827 645 838 -
658 801 694 866 (3)
708 799 737 850 Si
756 804 846 850 tamen
864 799 1006 850 infirmitas
1020 812 1082 863 par-

50 872 176 922 milteret
196 872 355 923 beneficiato
370 885 384 922 e
399 871 477 922 domo
497 872 581 935 exire,
596 875 624 923 et
644 871 839 936 aliquantisper
855 868 1030 920 deambulare
1049 869 1083 920 ad

51 943 201 994 sanitatem
214 943 437 1007 recuperandam,
451 948 542 1002 elnon
555 945 647 1009 posset
662 948 718 994 tuto
732 943 835 1008 absque
849 942 944 993 salutis
955 941 1082 1006 [111111111-

53 1013 92 1064 1ἱο
107 1013 194 1064 choro
211 1015 349 1076 assistere,
363 1025 416 1065 nou
430 1013 555 1064 videntur
566 1013 606 1064 illi
616 1012 820 1065 distributiones
833 1011 974 1076 neganda.
983 1010 1025 1060 Id.
1037 1011 1082 1062 clt.

53 1082 102 1134 loe.
114 1113 149 1121 —
162 1085 199 1150 (l)
212 1085 256 1135 lta
267 1085 406 1136 definitum
416 1085 468 1136 luit
478 1099 494 1136 a
504 1085 532 1136 S.
543 1085 764 1150 congregatione,
774 1088 842 1136 teste
855 1082 998 1134 Benedicta
1008 1081 1084 1144 xlv,

55 1155 80 1205 in
93 1155 167 1207 Inst.
184 1155 237 1214 107,
248 1170 275 1206 n.
291 1155 330 1207 18.
345 1185 371 1193 -
386 1157 422 1220 (5)
435 1157 479 1207 SIe
493 1155 630 1207 delinitum
645 1157 697 1207 init
710 1170 726 1206 a
740 1157 766 1207 S.
783 1153 1004 1220 congregatione,
1014 1155 1084 1204 teste
1137 1181 1138 1184 =

54 1227 150 1276 eodem
166 1226 297 1278 Pontifice
311 1229 339 1277 ln
353 1229 397 1278 clt.
419 1227 486 1278 Inst.
502 1241 529 1278 n.
544 1229 574 1278 50
588 1233 614 1278 et
629 1241 705 1292 seqq.
720 1255 751 1265 -
763 1228 799 1292 (6)
812 1227 865 1278 Sed
879 1224 1085 1276 distributiones

54 1309 107 1346 unu
123 1297 248 1348 lucretur
261 1298 360 1349 absens
375 1298 525 1349 Canonlcus
547 1299 647 1350 docens
662 1305 738 1350 extra
753 1298 898 1350 Ecclesiam
910 1294 1084 1359 theologiam,

56 1367 96 1417 vel
115 1369 165 1432 jus
188 1369 356 1427 canonicum,
379 1369 536 1434 inquisitor,
560 1369 733 1420 Examinatcr
755 1368 907 1434 synodalis,
936 1366 1085 1416 inserviens

56 1437 191 1502 Episcopo
203 1440 340 1505 privatim,
351 1446 398 1491 aut
413 1439 521 1504 publice
533 1445 608 1490 extra
622 1442 733 1493 missam
749 1439 941 1505 pontificalem,
955 1435 1085 1488 comitans

57 1507 220 1574 Episcopum
235 1511 262 1560 in
278 1510 440 1574 visitatione,
455 1515 482 1561 et
494 1512 575 1562 etiam
589 1511 811 1563 poenitentiarius
825 1524 878 1560 non
892 1508 1004 1559 audiens
1020 1520 1084 1557 con·

58 1576 199 1645 Issedones,
214 1582 319 1632 etiamsi
334 1581 452 1632 resideat
465 1583 494 1632 iu
506 1582 725 1633 consessionario.
742 1581 869 1632 Giraldus
882 1582 924 1631 cit.
941 1579 1035 1630 111-
1049 1577 1085 1640 (11

57 1650 95 1701 ld.
108 1653 145 1702 ed
160 1653 199 1702 tlt.
215 1652 325 1703 declar.
341 1667 395 1704 non
407 1652 489 1703 resid.
502 1655 567 1704 sect.
581 1652 635 1713 358,
653 1653 700 1704 nbi
719 1652 797 1704 affert
811 1653 948 1703 decretum
964 1648 1085 1700 Clemen-

58 1722 91 1772 tis
103 1723 146 1772 XI
160 1729 188 1774 et
207 1723 377 1788 Encyclicam
396 1723 423 1774 S.
440 1724 660 1788 Congregatlonls
675 1724 709 1774 ad
724 1737 817 1774 ornnes
831 1723 985 1789 Episcopus.
999 1746 1031 1758 -
1050 1719 1085 1784 (8)

58 1792 131 1844 Idem
152 1794 295 1845 dicendum
314 1795 347 1846 de
362 1794 467 1845 clericis
481 1794 658 1855 benslicIatis,
673 1797 718 1858 qul
737 1809 770 1846 ex
791 1793 967 1857 dispositione
982 1790 1083 1854 Synodi

58 1862 186 1914 Romanae
201 1865 253 1915 sub
268 1865 412 1916 Benedicta
428 1865 505 1922 XIII,
519 1878 567 1927 per
586 1877 635 1914 sex
656 1878 763 1916 menses
778 1863 919 1914 debentia
938 1861 1084 1914 seminario

61 1935 231 1985 commorari.
250 1935 309 1985 Hoc
323 1938 412 1986 tamen
426 1936 464 1986 ibi
482 1937 584 1986 tanturn
598 1935 680 1998 viget,
690 1937 738 1986 ubi
755 1936 825 1985 dicta
839 1935 961 1999 synodus
972 1933 1026 1983 vim
1044 1931 1084 1982 la·

59 2004 97 2066 gis
112 2005 205 2056 habet.
224 2006 262 2056 ld.
279 2006 323 2055 cit.
340 2007 390 2057 loc.
410 2033 439 2044 -
454 2007 484 2068 191
505 2007 545 2055 lta
556 2005 667 2070 ¹pluries
686 2006 805 2058 delinivit
822 2007 849 2054 S.
864 2003 1040 2068 congregatio
1054 2002 1083 2054 in

60 2051 151 2126 eadem
166 2076 337 2126 Institutione
350 2077 488 2127 Benedicti
503 2077 579 2140 XIV,
596 2077 676 2129 eltuto
691 2090 719 2127 1.
733 2077 762 2128 51
784 2081 810 2126 et
824 2089 899 2140 seqq.
914 2075 1027 2136 Quando
1042 2078 1084 2123 te·

60 2158 118 2196 men
133 2147 273 2212 exaliqua
290 2149 365 2211 juste
379 2158 461 2198 cansa
477 2147 576 2198 dantur
588 2147 787 2198 distributiones
802 2146 918 2202 absenti,
933 2145 1001 2195 illud
1011 2157 1083 2194 sem-

60 2229 104 2278 per
117 2231 177 2281 prae
194 2217 281 2268 oeulis
300 2217 455 2268 babendum
470 2222 520 2280 est,
535 2231 579 2279 an,
600 2231 659 2268 cum
677 2232 731 2268 non
755 2222 813 2268 erat
835 2215 988 2282 impeditus,
1003 2216 1084 2266 choro

60 2286 207 2339 adsistendi
222 2288 444 2339 consuetudinem
465 2287 601 2338 habuerIt.
616 2289 685 2339 Nam
703 2289 731 2338 in
751 2287 905 2340 infirmitate
922 2300 976 2337 non
990 2286 1086 2350 poterit

62 2355 210 2409 Canonious
234 2358 334 2409 lucrari
357 2358 561 2410 distributiones
587 2360 695 2410 illarum
719 2359 857 2420 horarum,
881 2357 978 2422 quibus
1002 2369 1085 2408 sanus

60 2426 151 2480 adesse
165 2443 219 2480 non
234 2429 381 2480 consuevit.
396 2429 455 2496 Hoc
468 2431 598 2495 probatur
610 2443 641 2481 ex
653 2444 738 2482 sacrae
748 2427 968 2494 Congregetlonis
983 2427 1083 2479 decisi-

61 2500 162 2563 onibus,
180 2514 242 2565 quae
255 2499 418 2550 declarando
434 2499 540 2552 debitas
554 2501 760 2554 distributiones
771 2503 845 2566 juste
861 2499 999 2564 impedito,
1015 2500 1084 2551 solet

62 2569 156 2622 addere
171 2571 341 2623 clausulam:
356 2571 500 2622 dommodo
513 2575 575 2623 onte
588 2571 779 2636 infirmitatem
792 2569 878 2637 suerit
891 2568 1079 2622 1111111111-

61 2638 132 2692 vire:
147 2643 280 2706 iniustum
298 2642 369 2710 enirn
389 2644 439 2704 est,
454 2641 592 2694 infirmum
613 2641 712 2694 lucrari
726 2643 940 2704 distributiones,
954 2653 1022 2705 quas
1042 2640 1085 2691 lu-

63 2717 149 2765 cratus
158 2727 213 2764 nou
226 2713 324 2764 iniSset
336 2726 428 2765 sanus.
444 2711 570 2764 GIraldus
584 2712 630 2765 cit.
645 2712 696 2765 loc.

94 2881 155 2939 188.
176 2884 208 2938 11
223 2879 360 2963 capitulis
375 2881 480 2955 plures
502 2878 694 2940 inveniuntur
717 2881 931 2944 canonicorum
951 2879 1084 2958 gradus:

63 2965 105 3024 alii
120 2975 190 3028 sunt
203 2967 289 3044 simpl
293 2969 347 3027 locs
362 2968 508 3042 canonici,
527 2969 576 3029 alli
590 2969 700 3028 babent
719 2971 856 3046 officiunt,
875 2970 924 3030 alii
941 2987 1084 3048 persceo-

65 3060 134 3129 torn,
150 3064 181 3116 et
197 3056 439 3132 aliidt'pnitotenl.
454 3057 642 3133 indignitate
662 3065 732 3119 sunt
746 3059 796 3136 qni
814 3060 923 3118 habent
945 3058 1081 3136 praeemi·

65 3147 191 3205 nentiam
204 3161 273 3204 cum
291 3145 495 3220 jurisdictione
508 3163 515 3218 3
535 3147 565 3204 in
580 3155 742 3222 personatu
757 3147 807 3223 qui
821 3149 932 3207 babent
947 3147 1083 3224 praeemi-

63 3233 190 3293 nentiam
199 3235 312 3309 absque
321 3233 543 3310 jurisdictione3
557 3235 625 3294 etin
639 3234 738 3294 oideIo
751 3235 801 3311 qui
810 3242 935 3312 utraque
947 3242 1087 3296 carentes

66 3319 158 3397 aliquo
173 3321 373 3397 defunguntur
385 3322 526 3397 peculiari
540 3323 714 3398 ministerio,
729 3331 762 3383 ut
776 3325 894 3398 legendi
908 3329 937 3384 S.
954 3325 1088 3401 Scriptu-

65 3420 133 3483 ram,
158 3417 210 3469 aut
233 3410 401 3486 excipiendi
423 3411 555 3470 fidelium
576 3411 790 3471 confessiones.
811 3411 924 3488 Reliqui
938 3413 1085 3489 simplices

67 3493 200 3558 dicuntur
213 3499 360 3573 canonici,
376 3499 427 3576 qui
441 3501 538 3560 adhue
551 3499 582 3559 in
596 3501 791 3577 presbyteros
804 3501 956 3576 diaconos,
971 3508 1002 3562 et
1015 3503 1087 3563 sub-

66 3580 203 3647 diaconos
213 3590 311 3648 solent
326 3587 472 3649 distribui.
