2566 4102
496 273 634 329 ..97-

75 414 78 420 ·
105 397 142 454 At.
159 397 292 470 Regnum
310 393 432 468 insuper
451 393 590 454 Ecclesiae
605 399 652 454 est
675 394 899 456 monarchicum
923 412 929 453 :
952 407 1023 454 nam
1043 397 1075 453 Ι).

79 487 148 542 Petro
161 501 178 542 a
190 483 317 542 Domino
330 488 400 542 lesu
414 482 528 542 Christo
546 483 633 542 datus
653 484 708 544 luit
726 483 756 544 in
776 483 916 544 universa
935 481 1077 556 Ecclesia,

79 575 190 646 etsupcr
204 588 311 631 omnes
332 571 435 631 fideles
449 578 479 631 et
503 577 640 632 Pastores
658 573 842 650 principatus
860 570 1024 648 dignitatis,
1049 575 1079 630 et

76 660 276 734 jurisdictionis,
300 671 334 719 ut
346 659 424 719 intra
443 660 713 722 demonstrabimus
727 667 779 734 (t).
798 668 859 722 lloc
873 679 945 722 sane
963 658 1079 736 imperii

77 764 153 822 genus
165 749 347 809 conformius
359 755 404 808 est
418 749 475 826 ipsi
488 766 581 826 regno
594 750 645 810 Dei
658 751 688 809 iu
703 751 796 823 eoelis,
809 749 860 810 ubi
872 767 951 810 unus
959 756 1004 810 cst
1016 753 1078 808 Rex

78 841 154 910 Deus,
169 845 213 898 est
233 838 324 898 simul
337 837 526 914 praestantius
547 845 577 899 et
599 839 769 914 perfectius,
793 840 863 916 quia
880 839 1026 910 ordinem,
1049 841 1079 896 et

77 927 196 986 urinum
221 927 363 987 Ecclesiae
389 928 495 987 melius
520 927 643 1003 inducit,
674 935 704 989 et
729 933 837 988 servat.
863 927 964 988 Sciunt
980 931 1078 986 autem

79 1031 170 1088 onnes,
185 1034 244 1092 quc
254 1017 365 1086 studio,
378 1023 407 1076 et
422 1023 533 1092 quanto
552 1017 659 1076 affectu
675 1015 818 1077 unitatem
837 1016 974 1078 Ecclesiae
995 1031 1078 1075 oom-

77 1105 237 1165 nendaverit
256 1105 389 1165 Christus
410 1105 439 1163 in
456 1122 511 1164 sua
530 1104 664 1164 oratione
684 1105 722 1164 ad
745 1111 863 1166 Patrem
883 1122 951 1165 cum
973 1103 1048 1164 dixit
1070 1121 1077 1164 :

78 1191 147 1252 Peter
158 1193 272 1266 Sancte,
297 1211 383 1254 servu
405 1211 451 1254 ecs
470 1195 504 1253 in
526 1194 646 1253 nomine
661 1201 720 1268 tuo,
744 1211 815 1272 quos
829 1194 932 1254 decuti
944 1193 1030 1265 milri,
1044 1199 1080 1252 ct

78 1281 122 1339 siat
133 1301 224 1342 uuum
238 1284 316 1343 sicut
330 1291 356 1342 ct
370 1299 459 1343 cos...
478 1291 513 1342 ct
531 1299 630 1342 cruces
644 1300 743 1343 urium
755 1285 825 1356 sint,
846 1284 922 1342 sicut
944 1290 976 1342 tc
989 1281 1079 1340 Peter

78 1369 156 1445 inme,
170 1381 195 1432 ct
210 1390 261 1448 epo
275 1373 309 1432 in
322 1379 357 1445 tc,
372 1379 407 1432 ut
421 1380 448 1430 et
464 1372 521 1448 ipsi
534 1389 632 1432 unum
645 1373 705 1432 sint
717 1377 768 1443 (3).
789 1378 825 1432 At
838 1388 911 1432 vero
929 1372 995 1430 baec
1012 1371 1078 1428 uni-

80 1463 195 1520 esnello
208 1462 302 1521 modo
315 1461 421 1520 melius
435 1461 563 1520 obtineri
582 1467 691 1536 potest,
704 1477 793 1535 quam
806 1477 861 1536 per
874 1459 961 1520 unius
983 1459 1078 1534 impe-

79 1546 135 1606 rium
147 1549 173 1608 in
187 1567 304 1610 omnes
321 1549 522 1610 indubitanter
538 1548 638 1626 itaque
660 1550 791 1608 Christus
812 1548 974 1608 Ecclesiam
993 1563 1078 1607 suam

78 1636 105 1693 ad
115 1640 290 1699 monarchici
302 1639 455 1715 regiminis
468 1639 593 1698 formam
608 1638 770 1699 instituisse
789 1637 913 1698 videtur.

102 1727 216 1801 Apostoli
231 1728 365 1804 quidem,
385 1734 419 1788 ut
444 1733 559 1800 Petrus,
580 1727 694 1804 abipso
716 1727 830 1788 Christo
850 1729 969 1788 inerunt
981 1726 1077 1800 electi,

78 1813 218 1877 abeodem
238 1823 425 1894 acceperunt
445 1823 623 1893 potestatem
647 1816 767 1892 ligandi,
794 1823 882 1893 atque
909 1815 1044 1875 solvendi
1071 1834 1076 1846 ·

78 1900 244 1982 Quacumque
274 1905 466 1982 alligaveritis
500 1913 735 1980 superterram,
767 1913 856 1966 erunt
886 1905 976 1982 ligato
1001 1912 1028 1964 ct
1044 1904 1078 1963 iu

77 1991 127 2050 uto
138 1997 184 2066 (A),
200 2003 259 2055 etc.
275 2001 463 2070 Acceperunt
476 1995 617 2068 Spiritum
629 1999 781 2067 sanctum,
801 2002 831 2054 et
844 2001 1022 2070 potestatem
1033 1993 1077 2053 di-

76 2078 185 2142 mittendi
197 2090 325 2159 peccata
341 2103 347 2142 :
364 2084 490 2159 Accipite
504 2083 651 2158 Spirittun
664 2082 833 2143 Sanctum:
847 2100 974 2160 querius
988 2084 1077 2143 remi-

76 2170 278 2248 seritispcccata
304 2174 495 2232 remittentur
505 2173 557 2245 cis,
571 2179 629 2232 etc.
648 2175 699 2243 (5).
716 2173 793 2232 llissi
806 2179 876 2232 sunt
892 2173 1079 2233 inmundum

77 2256 222 2320 universum
233 2263 275 2320 ad
289 2261 469 2332 docendum,
484 2267 514 2321 ct
525 2260 736 2337 baptizandum
749 2280 755 2319 ε
769 2260 852 2321 Sicut
864 2262 947 2321 misit
959 2277 1006 2320 ute
1020 2259 1078 2319 Pc-

78 2350 209 2425 tu,ctepc
222 2351 313 2410 mitto
326 2367 375 2410 vus
397 2371 407 2410 :
431 2357 531 2410 cuntes
554 2350 647 2410 docete
670 2367 770 2409 omncs
794 2359 901 2425 pentes,
924 2350 1078 2426 baptizan-

77 2439 106 2491 tes
116 2452 163 2509 cos,
176 2447 234 2498 etc.
251 2442 305 2507 (c).
316 2439 390 2498 ilinc
402 2437 534 2513 Apostoli
545 2455 585 2497 cx
600 2438 699 2498 divina
712 2438 895 2499 institutione
918 2437 1078 2514 partemin
1156 2463 1158 2470 ·

76 2523 189 2586 Ecclesiae
206 2527 425 2604 gubernatione
444 2543 584 2602 magnam
606 2528 787 2601 habuerunt,
813 2530 898 2604 cujus
918 2527 1078 2604 participes

76 2620 128 2671 sunt
139 2615 277 2692 Episcopi
294 2617 503 2692 Apostolorum
528 2632 721 2676 successores
739 2619 790 2687 (7).
811 2617 868 2677 Sed
889 2616 932 2676 eis
951 2615 1076 2675 admini-

76 2702 155 2764 stratio
174 2705 243 2766 data
274 2705 328 2764 fuit
352 2705 409 2764 sub
430 2704 633 2764 reservatione
663 2704 896 2764 confirmationis
915 2704 1004 2778 Petri,
1029 2703 1077 2763 cui

75 2799 210 2866 propterea
218 2794 297 2854 dixit
315 2813 321 2852 :
337 2793 396 2869 Epo
408 2793 510 2869 rogaui
519 2809 574 2868 pro
588 2801 624 2867 tc,
640 2801 673 2852 ut
684 2809 746 2852 noc
759 2793 874 2869 deficiet
886 2794 957 2868 fides
971 2800 1034 2865 tuu,
1050 2799 1078 2852 ct

76 2881 259 2960 tuutbrncrutc
274 2898 428 2942 conversus
442 2883 588 2957 confirmo
600 2884 711 2958 fratres
727 2889 791 2942 tuos
805 2886 857 2954 (8).
880 2887 998 2958 linquo
1013 2897 1078 2940 ma·

75 2964 157 3030 nileste
166 2971 351 3048 agnoscitur,
367 2971 507 3032 Ecclesiae
520 2971 654 3046 regimen
665 2987 725 3030 non
739 2988 829 3047 posse
839 2989 907 3032 esse
919 2971 1076 3032 aristocra-

74 3052 154 3129 ticrrn,
167 3069 200 3122 ut
218 3060 408 3121 contendunt
430 3065 644 3134 ProtestanteS,
664 3077 762 3137 neque
782 3059 1007 3121 monarchicum
1018 3059 1078 3119 ari-

75 3148 191 3209 stocratia
206 3148 418 3226 temperatum,
433 3155 466 3208 ut
479 3151 629 3209 affirmant
643 3150 690 3210 alii
704 3166 811 3226 parum
826 3156 909 3210 recte
923 3151 961 3210 de
973 3151 1077 3209 Eccle-

74 3229 105 3290 sia
119 3239 283 3302 seruantes.
298 3243 371 3298 Nam
385 3237 542 3314 promissio
556 3237 815 3300 indefectibilitatis
835 3238 905 3298 fidei
927 3239 1005 3298 facta
1023 3239 1078 3298 iuit

74 3325 165 3386 unium
178 3333 279 3401 Patro,
290 3327 339 3387 cui
351 3327 403 3387 uni
417 3327 493 3388 datae
507 3333 576 3386 sunt
587 3329 686 3389 claves
698 3329 783 3405 regni
797 3329 956 3402 coelorum,
971 3327 1079 3404 quibus

75 3408 236 3484 signficatur
249 3433 391 3493 suprema
404 3421 536 3491 potestas
553 3421 607 3488 (9).
625 3421 727 3494 Neque
750 3416 910 3477 concilium
927 3417 1076 3492 generale,

76 3511 102 3556 tt
112 3518 164 3577 quo
178 3503 341 3566 adversarii
352 3503 577 3564 fundamentum
594 3505 789 3581 oppositionis
809 3505 978 3579 desumunt,
992 3505 1078 3582 quid·
1146 3531 1150 3542 ¹

76 3601 148 3659 Alam
161 3593 370 3656 ecclesiasticae
383 3593 564 3657 monarchiae
577 3593 712 3671 derogat,
731 3609 800 3656 cum
812 3600 918 3656 contra
927 3609 1076 3656 summum
