2566 4102
475 243 617 300 ..31-

53 365 244 438 usqueadnos
255 363 285 422 in
298 379 352 424 sua
365 362 532 440 integritate
543 339 738 438 conservatae,
749 377 839 439 quam
852 363 1059 426 certitudinem

54 453 166 512 Ecclesia
180 453 254 512 dare
280 470 342 512 non
367 453 522 529 potuisset,
544 453 600 514 nisi
621 458 701 514 esset
722 453 889 514 infallibilis.
914 459 974 516 Nec
993 455 1060 532 quis

54 539 126 614 duat,
140 541 305 602 Ecclesiam
325 558 479 618 nunquam
496 557 639 618 expresse
653 541 831 616 definivisse,
847 559 880 602 se
894 559 960 604 esse
974 543 1059 604 infal-

53 629 143 689 lbilem
160 650 167 689 :
183 647 255 690 nam
270 630 403 690 definitio
423 631 488 690 baec
505 647 568 690 non
592 630 760 706 profuisset,
776 630 832 690 nisi
844 632 1060 708 praesupposita

53 718 325 792 eiusinfallibiiitate.
341 718 371 780 si
384 719 464 780 enim
477 735 532 794 per
550 719 710 779 absurdam
727 718 917 796 hypothesim
929 720 1056 781 fallibilis

53 815 232 883 supponatur,
255 807 319 883 ejus
339 807 471 868 definitio
486 811 523 867 de
545 807 747 868 infallibilitate
760 825 815 868 sua
828 816 907 870 esset
920 809 1056 872 lallibilis.

53 896 95 954 Sed
107 913 227 972 semper
237 896 418 957 infallibilem
434 913 467 957 se
481 895 583 957 habuit
601 913 641 957 ex
655 895 763 958 virtute
781 897 905 974 Spiritus
918 899 1017 958 sancti
1027 899 1059 960 in

53 984 212 1044 deliniendis
228 987 321 1046 rebus
343 985 422 1057 fidei,
446 992 476 1045 et
502 1000 630 1044 morum.
654 983 729 1044 ilinc
751 985 782 1044 in
809 985 906 1062 primo
932 986 1059 1047 concilio

54 1073 248 1150 llierosolymoe
261 1075 300 1134 ab
310 1073 457 1150 Apostolis
474 1074 637 1144 celebrato,
653 1077 686 1133 b.
702 1079 805 1134 Petrus
821 1075 942 1136 nomine
956 1077 1057 1136 Eccle-

54 1161 91 1221 sia
109 1163 312 1224 definitionem
330 1162 451 1239 protulit
469 1169 621 1238 tamquam
646 1162 796 1222 infallibile
822 1163 946 1239 Spiritus
959 1164 1059 1226 Sancti

54 1253 212 1312 cuculum:
235 1253 333 1312 Visum
349 1259 391 1312 est
407 1250 534 1327 Spiritui
552 1250 661 1312 Sancto
685 1258 712 1312 et
733 1251 815 1312 nobb
836 1255 887 1326 (6).
907 1257 991 1312 liano
1007 1253 1060 1312 fir-

54 1354 116 1398 nam
127 1341 353 1416 persuasionem
371 1339 540 1399 habuerunt
561 1340 662 1401 omnia
676 1340 800 1400 concilia
814 1341 1009 1415 oecumenius,
1029 1347 1061 1402 et

54 1437 187 1502 postremo
205 1429 417 1503 tridentinum,
434 1429 562 1506 quodie
575 1428 691 1506 Spiritu
715 1429 823 1491 Sancto
838 1430 967 1506 legitime
986 1436 1058 1490 con-

55 1524 190 1592 gugamn
204 1536 238 1579 se
253 1518 394 1578 declarat.
414 1523 497 1577 Hanc
515 1518 742 1594 persuasionem
763 1519 931 1580 habuerunt
947 1518 1060 1579 Summi

56 1606 202 1681 ronunees,
220 1614 251 1668 et
266 1614 419 1683 postremo
434 1606 501 1666 Pius
517 1611 563 1676 lx,
579 1606 631 1682 qui
651 1607 773 1667 damnat
785 1619 942 1684 protervos
962 1624 1058 1667 asser·

55 1701 127 1766 tores,
141 1696 314 1768 Ecclesiam,
331 1696 393 1756 sive
411 1695 579 1769 Pontifices,
594 1704 624 1755 et
639 1695 773 1769 coucilia,
795 1697 828 1756 iu
842 1697 927 1756 rebus
940 1697 1019 1773 putei,
1033 1704 1060 1756 et

54 1799 155 1844 nuum
178 1786 351 1861 definiendis
372 1801 488 1845 errasse
505 1788 552 1857 (8),
576 1789 648 1845 cum
662 1786 783 1846 demum
800 1785 923 1862 spiritus
935 1791 1060 1846 Sanctus

56 1874 197 1934 lmlesiam
216 1875 333 1946 doceat,
352 1874 383 1932 in
398 1891 457 1950 quo
478 1874 601 1934 fundata
622 1879 677 1948 est,
697 1881 728 1934 et
746 1874 889 1949 subsistit,
903 1875 1061 1935 infallibilis

56 1966 140 2034 procul
166 1964 258 2024 dnbio
287 1980 353 2022 esse
380 1963 483 2036 debet,
509 1969 539 2022 et
560 1970 668 2039 potest,
697 1981 734 2022 ac
762 1963 851 2023 debet
873 1963 1061 2023 infallibiliter

56 2051 201 2127 dognafice
216 2051 352 2125 definire,
374 2052 451 2112 sicut
464 2052 495 2110 in
510 2052 687 2112 necessitate
701 2051 808 2112 millies
826 2053 968 2128 delinivit,
983 2051 1061 2112 Reli-

56 2138 153 2212 gionem
167 2159 237 2201 esse
247 2141 366 2201 unicam
378 2157 478 2200 veram
486 2140 677 2217 Religionem,
689 2148 775 2200 extra
784 2157 874 2216 quam
886 2157 974 2201 nemo
983 2142 1062 2200 valet

56 2234 102 2292 beo
113 2236 240 2311 placere,
255 2239 456 2310 aeternamque
470 2250 545 2294 cum
552 2238 612 2293 lieo
631 2231 800 2293 felicitatem
814 2233 957 2308 consequi
972 2235 982 2304 (
1002 2235 1023 2302 ).

79 2358 104 2420 (lt
118 2359 210 2410 Matth.
223 2359 265 2410 28.
281 2385 312 2394 -
325 2357 358 2423 ti)
373 2359 436 2410 Luc.
452 2358 492 2408 ii.
515 2385 547 2396 -
560 2357 595 2422 (3)
611 2357 704 2408 Matth.
723 2357 758 2408 lb.
780 2385 811 2394 -
828 2357 863 2422 (4)
877 2357 899 2408 l.
922 2358 956 2409 ad
973 2357 1024 2408 Tit.
1045 2357 1060 2409 3

56 2430 114 2494 -(5)
127 2430 203 2482 Unde
220 2430 249 2479 S.
264 2431 386 2481 Irenaeus
402 2430 509 2481 aiebat:
528 2427 589 2482 Non
602 2431 705 2494 oportet
718 2429 794 2491 opud
806 2429 873 2484 otios
888 2442 1060 2496 quererent·
1078 2449 1081 2456 ·

56 2499 153 2563 mutem,
167 2513 251 2566 quum
265 2499 347 2565 facile
366 2503 404 2553 est
418 2499 451 2552 ob
470 2499 586 2552 &edesio
599 2513 711 2556 sumere.
731 2513 791 2552 unm
807 2501 925 2566 Apostoli
939 2501 1018 2568 quusi
1030 2501 1061 2552 in

56 2566 226 2630 cometarium
239 2573 312 2621 cives
324 2571 474 2634 plenissime
490 2571 651 2624 contulerint
665 2570 767 2634 omniu,
780 2585 838 2637 pun
847 2575 911 2625 sunt
926 2571 1060 2638 tentatis,

55 2643 77 2689 ut
93 2643 170 2693 unam
192 2641 353 2708 quicumque
373 2643 447 2705 velit,
467 2647 556 2695 sumat
572 2656 604 2694 ec
629 2646 769 2708 eupolum
788 2643 857 2708 uita,
881 2657 936 2696 non
951 2643 1060 2696 erroris.

55 2707 77 2758 L.
88 2711 108 2761 3.
120 2727 141 2764 e.
154 2714 183 2774 t;
197 2719 225 2766 et
239 2714 266 2764 S.
284 2714 452 2778 Augustinus
466 2715 663 2779 subjungebat:
676 2713 729 2779 Epo
747 2713 889 2779 catapotia
905 2728 960 2768 nort
971 2713 1060 2768 crede-

54 2793 105 2844 retu,
114 2785 164 2836 nisi
176 2798 221 2836 me
236 2783 353 2836 Ecclesia
366 2785 501 2838 catholica
520 2789 694 2838 somniaverat
712 2785 869 2838 auctoritas.
884 2787 948 2838 ideo
961 2787 1061 2838 veritas

55 2852 171 2918 religionis
189 2869 244 2906 non
265 2861 308 2906 est
321 2856 469 2922 quaerenda
484 2870 500 2907 a
518 2856 696 2922 philosophia,
711 2859 742 2906 ut
762 2861 919 2910 asseverant
934 2857 1062 2909 Rationa-

55 2921 116 2984 listae,
131 2932 156 2977 et
169 2927 238 2978 ratio
253 2927 502 2993 quomodocumque
515 2928 621 2979 exculta
640 2927 736 2992 nequit
757 2927 790 2978 ad
811 2942 903 2978 veram
922 2928 1062 2979 seientiam
1127 2923 1129 2927 ’

55 2998 242 3048 reconditiorum
256 2999 409 3062 dogmatum
425 2995 577 3063 pervenire.
592 2997 645 3049 Sed
659 3011 769 3048 necesse
780 3002 829 3061 est,
844 3002 874 3049 ut
887 3000 954 3050 ratio
968 2999 1063 3048 huma-

54 3077 80 3114 ua
92 3069 179 3119 rationi
193 3069 303 3131 divinae,
319 3070 375 3120 sive
389 3069 558 3120 Revelationi
571 3083 601 3121 se
615 3069 773 3130 submittam
789 3074 815 3119 et
827 3071 939 3122 ecclesia
955 3081 1062 3121 errores

54 3136 211 3207 philosophiae
235 3154 289 3192 non
307 3143 396 3205 potest
417 3140 543 3203 tolerare,
574 3140 750 3206 relinquendo
773 3145 804 3191 ut
817 3141 875 3204 ipse
891 3155 920 3192 se
936 3140 1062 3204 corrigat,

55 3207 108 3258 sicut
125 3216 216 3276 aperte
241 3212 343 3262 eruitur
360 3226 393 3263 ex
413 3213 642 3278 propositionibus
664 3212 807 3263 damnatis.
824 3211 925 3277 Syllab.
946 3224 1022 3278 prop.
1036 3211 1062 3274 9,

57 3277 77 3326 lii
89 3285 110 3330 et
127 3283 160 3333 ll.
174 3311 206 3320 —
216 3283 250 3348 (6)
267 3283 327 3334 Aet.
343 3283 439 3348 Apost.
450 3283 488 3333 ll.
499 3311 529 3320 -
541 3282 576 3347 (7)
588 3281 658 3334 Sess.
670 3282 695 3344 t,
706 3283 730 3346 3,
741 3283 765 3346 i,
780 3287 806 3333 et
816 3282 916 3349 plurib.
925 3283 954 3333 in
966 3283 1017 3334 loc.
1031 3309 1064 3320 -

55 3348 182 3416 (Sibyllae.
203 3369 283 3420 prop.
312 3354 353 3405 23.
377 3355 451 3406 Inter
464 3354 630 3420 antiquiores
652 3367 717 3406 vero
739 3353 883 3406 Pontifices
907 3353 935 3404 S.
961 3354 1062 3406 Lucius

55 3417 112 3486 Papa
129 3427 267 3477 memoriae
288 3425 408 3487 tradidit,
431 3424 572 3476 eeclesiam
593 3425 777 3496 apostolicam
799 3425 918 3476 omnium
936 3425 1064 3476 ecclesia·

56 3503 99 3543 run
118 3504 230 3548 matrem
256 3509 395 3560 nunquam
419 3509 535 3557 errasse,
558 3497 604 3548 seut
627 3497 701 3549 utin
722 3495 831 3548 eaordio
846 3509 973 3548 norinorn
999 3497 1062 3561 fidei

55 3559 186 3620 crottam
198 3571 318 3634 percepit
335 3567 368 3618 ab
382 3567 534 3620 unctoribus
551 3567 605 3619 suis
620 3567 804 3633 Apostolorum
820 3565 919 3620 Christi
931 3568 1062 3634 principi-

53 3630 94 3699 bus,
108 3639 210 3694 illdata
221 3639 276 3705 fiae
290 3641 367 3692 tenus
377 3641 479 3692 incaet.
503 3639 567 3692 Con.
580 3640 604 3697 9,
620 3652 643 3691 c.
657 3639 697 3703 tt,
708 3652 735 3704 q.
753 3640 774 3690 t.
789 3637 918 3692 Similiter
928 3639 955 3691 S.
971 3639 1061 3692 Sixtus
