2490 4088
477 199 620 260 ..59-

44 337 71 378 re
92 319 217 394 integra,
231 337 286 396 per
303 325 431 382 mortem
451 320 646 382 concedentis
660 337 721 380 non
747 321 897 396 expirant,
919 321 974 382 sed
991 328 1062 382 sunt

45 415 179 482 perpetua
196 427 202 466 :
219 408 329 467 etenim
348 407 377 468 in
392 409 450 468 hae
467 409 568 484 specie
582 409 710 469 hahetur
728 410 777 486 jus
788 412 850 484 iam
863 410 941 487 parti
954 409 1062 486 quaesi-

45 503 114 566 tum;
129 497 161 556 in
175 496 225 556 iiia
240 504 340 556 autem
354 505 470 556 tantum
485 499 681 573 quaerenduur
700 505 709 570 (
730 501 751 569 ).

71 589 159 643 iiorte
172 602 245 644 vero
262 585 449 660 impetrantis
469 585 609 661 expirant
632 585 778 662 rescripta
797 587 835 645 ad
856 587 1011 660 beneficia,
1033 594 1063 648 et

44 671 184 746 privilegia
197 674 379 748 personalia,
395 681 424 732 et
436 690 497 732 non
512 674 651 748 expirant
659 673 805 750 rescripta
816 675 947 750 justitiae,
960 682 990 736 et
1001 677 1062 753 pri-

44 759 136 834 riegia
149 760 254 835 realia,
269 779 337 837 quae
351 767 508 822 transeunt
522 763 560 822 ad
572 763 717 822 haeredes.

72 849 177 908 Deinde
192 851 341 926 rescripta
364 850 501 926 expirant
519 850 746 912 renunciatione
769 850 857 925 illius,
876 851 907 912 in
921 854 1033 929 cujusf
1049 885 1062 898 -

46 952 136 996 rorem
151 955 298 998 concessa
311 940 441 1014 fuerunt,
456 946 486 1000 et
506 939 698 1024 revocatione
721 941 949 1014 aeonoedente,
964 943 1064 1002 veleb

47 1026 99 1100 ejus
111 1043 287 1088 successore
307 1029 394 1088 facta.
416 1028 498 1088 Ratio
513 1028 602 1103 primi
615 1029 722 1090 asserti
736 1035 791 1102 est,
807 1029 877 1106 quia
898 1031 929 1088 in
947 1030 1063 1106 legibus

48 1114 195 1190 inicuique
209 1116 389 1191 permissum
402 1122 448 1176 cst
461 1117 610 1176 beneficio
629 1116 660 1176 in
680 1117 727 1176 sui
742 1123 857 1178 tantum
872 1119 1005 1179 favorem
1018 1118 1064 1178 in-

48 1203 173 1263 troducto
187 1203 385 1278 renunciare,
409 1210 439 1265 et
451 1203 527 1264 ratio
541 1205 677 1278 secundi,
693 1205 762 1281 quia
780 1207 861 1282 quod
874 1206 958 1282 prius
970 1224 1064 1283 expe-

48 1291 99 1350 dire
110 1292 210 1354 visum
222 1293 288 1368 t'nit,
305 1300 409 1369 postea
422 1294 573 1356 detectum
588 1299 634 1354 est
647 1295 728 1354 bono
740 1295 870 1370 publico,
885 1297 933 1355 rel
947 1295 1064 1372 privato

49 1380 165 1442 obviare.
864 1411 869 1420 ¹

72 1519 101 1582 (t)
115 1520 180 1587 Gap.
197 1519 237 1584 30,
247 1520 282 1572 de
295 1519 363 1572 offic.
378 1520 466 1586 deleg.
481 1547 512 1556 -
526 1521 561 1586 (1)
576 1519 654 1572 Circa
666 1521 768 1586 gratias
781 1535 921 1573 concessas
933 1521 970 1574 ud
987 1521 1064 1576 bonr-

47 1588 165 1651 piocitum
189 1593 376 1654 observamus,
400 1592 514 1656 gretiam
541 1605 698 1644 concessam
719 1594 756 1644 ud
778 1592 973 1651 beneplacitum
998 1593 1066 1646 sedas

50 1660 133 1714 durare
145 1667 209 1728 post
222 1667 338 1714 mortem
351 1664 522 1714 concedentis
535 1685 542 1726 ·,
558 1665 673 1728 gratiam
686 1678 750 1716 vero
764 1678 921 1716 concessam
934 1664 971 1717 ud
989 1664 1064 1718 benc-

47 1732 166 1794 nuatum
190 1738 316 1787 nostrum
333 1749 381 1800 per
400 1740 514 1787 mortem
532 1735 704 1788 concedentis
724 1735 852 1802 extingui.
878 1737 978 1788 Gratiae
995 1737 1067 1787 enim

50 1802 193 1868 hujusmodi
207 1807 383 1857 conseruntur
393 1806 419 1856 in
434 1807 587 1869 arbitrium,
598 1807 641 1858 vei
653 1807 734 1866 sedis,
747 1821 809 1872 quae
821 1823 969 1874 numquam
985 1808 1065 1858 mori-

50 1877 258 1999 tur,sedserlr,rper
268 1878 503 1930 insuccessorihus
510 1879 584 1939 vivit;
594 1879 637 1930 vel
648 1878 827 1945 concedentis,
838 1881 884 1946 qui
894 1894 944 1945 per
953 1885 1067 1932 mortem

50 1947 136 1998 amittit
147 1961 181 2000 ar
202 1949 309 2000 itrium.
496 1962 497 1966 ’

53 2831 205 2888 Sumuntur:
221 2837 259 2888 54.
275 2837 377 2890 Traditio
390 2838 454 2903 quid,
469 2843 493 2890 et
505 2839 649 2904 quotuplex?
662 2869 692 2878 —
707 2841 746 2890 55.
762 2838 828 2901 Quid,
844 2843 866 2889 ct
879 2839 1000 2904 quotuplex
1014 2851 1071 2890 con-

77 2909 194 2960 suetudo?
207 2937 239 2946 —
252 2908 291 2960 56.
308 2909 368 2968 Quas
389 2910 531 2961 conditiones
552 2911 715 2976 1111111111-
731 2912 779 2962 57..
790 2909 910 2961 Probanda
924 2915 967 2975 est,
984 2912 1028 2962 uisi
1042 2910 1072 2962 sit

77 2981 173 3032 notoria.
184 3005 218 3018 -·
231 2981 271 3031 58.
286 2979 330 3039 Qui
344 2981 392 3032 sint
405 2983 454 3046 ejus
464 2981 572 3033 effectus?
587 3011 613 3020 -
631 2984 672 3034 59.
682 2982 802 3042 Quomodo
813 2983 948 3034 auferatur?
993 3055 995 3060 .

81 3143 123 3198 54.
143 3138 266 3213 Egimus
279 3155 374 3214 usque
388 3155 470 3198 nunc
483 3139 521 3198 de
531 3141 599 3215 J'ure
613 3139 743 3216 script03
759 3141 851 3200 modo
873 3140 910 3199 de
929 3141 996 3216 Jure
1010 3155 1072 3200 non

45 3223 168 3301 scripto,
184 3227 263 3302 quod
278 3227 446 3300 traditione,
465 3234 495 3287 et
510 3229 726 3288 consuetudine
739 3236 856 3289 constat
871 3234 921 3302 (t).
946 3229 1072 3288 Traditio

54 3315 152 3389 estjus
168 3332 229 3374 nort
248 3316 402 3391 scriptum,
417 3318 494 3392 quud
513 3317 547 3376 ub
562 3317 714 3392 Apostoiis,
730 3334 887 3392 eorumque
901 3318 1073 3378 successori-

53 3400 97 3461 bus
114 3405 258 3463 oivuooce
272 3405 427 3476 traditum,
444 3414 470 3465 et
482 3405 614 3464 uectoria
627 3405 811 3481 obseruatum
823 3422 974 3480 consensu,
988 3407 1074 3484 quusi

53 3489 81 3549 dc
98 3509 198 3552 mauu
217 3493 256 3551 cd
278 3510 407 3552 monum
429 3494 651 3564 transmissum,
674 3511 766 3570 usquc
790 3495 829 3554 od
856 3511 909 3554 nos
928 3497 1071 3572 pervenit.

54 3583 153 3655 Causa,
170 3581 210 3640 ob
224 3599 313 3656 quam
328 3583 386 3642 hoo
406 3583 455 3658 jus
468 3583 680 3673 introductum,
701 3590 731 3643 et
745 3590 953 3644 conservatum
963 3583 1073 3661 jugiter
