2468 4090
467 199 646 254 ¹-169-

59 317 118 376 alia
137 313 257 376 minora
282 314 371 376 etiam
392 315 485 376 ardua
512 316 716 391 intelliguntur
748 333 905 390 concessa,
927 317 997 394 quia
1018 317 1091 378 dum

59 404 228 482 Episcopus
237 404 332 466 volant
345 405 452 482 majus,
467 405 560 465 voluit
573 415 604 466 et
615 405 717 466 minus
730 409 783 480 (2).

62 561 129 686 Clo)
142 561 271 685 Rgpogi.
289 561 350 614 tur.
371 562 399 613 in
418 563 443 614 6.
463 589 494 600 -
512 561 548 628 (2)
569 561 635 628 Arg.
657 575 718 628 eap-
735 562 762 620 i.
781 562 815 614 de
831 565 969 628 procurat.
983 563 1012 616 in
1025 563 1049 629 6,
1064 564 1093 616 et

96 645 152 684 em.
200 647 214 685 e
252 670 259 684 .

101 813 165 870 169.
184 814 346 886 Propterea
357 809 389 868 in
399 809 460 870 vim
469 810 602 870 mandati
613 807 762 888 generalis
776 827 838 870 non
850 815 952 886 potest
960 809 1093 870 vicarius

61 915 100 958 ea
113 899 223 972 lacere,
238 915 305 975 quae
317 899 430 959 ordinis
440 898 616 975 episcopalis
625 898 801 960 exercitium
813 897 987 976 respiciunt,
1002 906 1037 960 ut
1049 905 1095 959 est

61 987 219 1061 ordinare,
232 987 385 1067 Ecclesiae
401 1005 592 1062 consecrare,
608 994 680 1063 etc,
694 988 763 1050 licet
776 988 841 1066 ipse
854 988 986 1047 vicarius
1008 987 1046 1048 sit
1063 987 1095 1046 in

62 1075 173 1135 ordine
186 1075 348 1154 episcopali
365 1076 553 1151 constitutus,
575 1076 631 1137 nisi
655 1077 742 1137 datus
763 1094 883 1155 quoque
904 1076 943 1136 sit
963 1075 1095 1137 vicarius

62 1165 96 1223 in
116 1166 348 1240 pontificalibus,
362 1165 414 1243 qui
427 1183 445 1224 a
456 1165 632 1226 Ductoribus
642 1166 752 1226 dicitur
764 1166 853 1226 etiam
866 1166 1073 1240 suffraganeus
1086 1181 1094 1224 :

63 1270 127 1312 non
142 1261 242 1329 potest
255 1271 378 1332 poenam
392 1254 554 1314 amotionis
566 1273 584 1314 a
598 1256 757 1329 beneflcio,
768 1255 806 1314 ab
819 1253 929 1328 officio,
942 1259 992 1314 aut
1007 1251 1097 1312 admi·

63 1342 242 1404 nistratione
262 1343 372 1404 inferre
385 1349 427 1417 (l)
444 1363 451 1405 ε
468 1361 528 1403 non
544 1351 644 1420 potest
670 1361 688 1404 a
710 1343 846 1404 censuris
868 1344 1035 1415 absolvere,
1048 1341 1097 1400 vel

65 1431 98 1489 in
110 1431 378 1508 irregularitatibus
391 1432 576 1508 dispensare,
592 1433 623 1492 in
637 1432 746 1510 quibus
761 1431 897 1505 absolvit,
913 1432 962 1491 vel
975 1429 1097 1506 dispen-

66 1528 113 1580 sat
128 1521 292 1598 Episcopus
313 1521 344 1580 in
364 1521 425 1582 vim
440 1521 547 1598 eapitis
560 1522 637 1582 sexti
657 1521 800 1582 sessionis
817 1519 969 1596 vigesimae
983 1525 1098 1594 quartae

67 1609 105 1668 de
118 1609 333 1670 reformatione
348 1628 356 1668 ε
370 1627 431 1669 non
445 1616 543 1686 potest
556 1612 695 1672 conterre
717 1609 872 1682 beneficia,
887 1609 956 1668 lieet
978 1614 1067 1692 queat
1080 1625 1099 1666 a

67 1697 205 1772 patronis
229 1705 425 1774 praesentatos
447 1699 478 1757 in
501 1698 655 1759 beneficiis
671 1698 836 1770 instituere,
861 1696 930 1772 quia
954 1697 985 1754 in
1006 1696 1099 1754 colla-

68 1786 153 1846 tione
167 1793 213 1846 est
225 1793 310 1846 actus
323 1785 514 1861 liberalitatis,
530 1795 560 1848 et
579 1784 758 1859 donationis
774 1787 804 1846 in
828 1784 1012 1846 institutione
1025 1799 1099 1844 vero

69 1881 286 1936 detestantem
304 1875 447 1953 iustitiae:
471 1894 531 1938 non
547 1883 647 1954 potest
666 1875 812 1938 beneficia
834 1876 932 1949 unire,
956 1872 1099 1970 dividere,

71 1970 123 2023 aut
144 1965 342 2041 supprimere,
365 1973 396 2026 et
418 1966 523 2026 similia
542 1966 652 2040 lacere,
678 1983 745 2042 quae
763 1966 889 2041 majora,
912 1970 942 2024 et
962 1963 1102 2040 graviora

71 2057 154 2113 sunt.
170 2057 267 2124 Quare
280 2061 314 2114 ut
325 2056 390 2131 ejus
401 2055 556 2131 potestatis
570 2055 677 2116 limites
690 2054 825 2131 apprime
843 2055 1040 2126 innotescant,
1055 2049 1101 2110 vi-

71 2140 206 2202 cariatus
217 2141 335 2204 litterae
348 2151 418 2204 sunt
431 2149 573 2204 accurate
586 2143 778 2220 inspiciendae
791 2148 803 2217 l
822 2149 844 2218 ).

103 2312 142 2376 (l)
160 2311 253 2379 Capi
268 2312 302 2365 de
325 2313 393 2366 offic.
410 2313 469 2367 Vie.
484 2313 513 2365 in
535 2315 558 2366 6.
572 2341 603 2351 -
621 2313 651 2378 (tl
670 2312 732 2365 Alia
755 2316 820 2365 sunt
835 2309 925 2378 plura,
941 2325 1004 2379 ques
1019 2311 1102 2365 Vica-

73 2384 134 2436 rius
151 2384 294 2437 Generalis
317 2385 420 2451 absque
443 2385 556 2453 speciali
577 2385 704 2437 mandato
718 2398 848 2451 peragere
870 2384 972 2450 nequit,
987 2398 1103 2450 quorum

71 2457 227 2520 catalogum
247 2462 339 2508 texere
357 2457 436 2508 nobis
448 2458 586 2522 negotium
599 2457 680 2508 nimis
690 2456 896 2521 longumloret3
912 2455 1103 2522 proptereala·

73 2533 178 2580 ctorem
197 2529 360 2580 remittimus
377 2529 411 2579 ad
426 2529 584 2579 Cenonistas
597 2529 626 2578 in
640 2529 682 2579 tit.
702 2527 735 2580 de
749 2528 819 2579 oilie.
839 2527 898 2578 Vic.
914 2533 940 2579 et
949 2528 1104 2594 praesertim

72 2599 109 2650 ad
127 2597 305 2650 Benedictum
320 2599 445 2662 XIV,'de
464 2598 561 2664 Synod.
582 2598 603 2650 l.
618 2601 642 2661 i,
660 2613 683 2651 c.
703 2601 727 2651 8.
745 2614 772 2651 n.
786 2600 811 2660 ‘2;
828 2599 961 2652 adBouix
976 2598 1103 2666 dejudic.

73 2684 103 2735 p.
117 2671 144 2721 2.
159 2683 184 2720 c.
197 2670 222 2736 t,
236 2669 248 2736 ξ
261 2671 286 2735 2,
299 2671 372 2722 etad
385 2670 571 2736 Pellegrinum
585 2669 613 2722 in
626 2685 705 2738 prax.
723 2671 782 2723 Vic.
795 2687 823 2738 p.
838 2670 859 2735 l,
873 2671 975 2724 sectt.

111 2877 178 2933 170.
199 2873 339 2944 Quadam
354 2879 639 2950 emensumque
662 2875 745 2934 nullo
757 2874 849 2935 modo
863 2879 963 2952 potest
982 2872 1105 2949 Episco-

75 2961 265 3038 pusvieario
285 2979 339 3022 suo
362 2963 510 3039 delegare.
539 2965 680 3040 delegare
704 2962 784 3024 euim
798 2981 859 3023 non
881 2969 1004 3040 potest:
1021 2967 1107 3022 l⁰Ea

75 3069 146 3128 quae
160 3051 199 3111 ad
213 3050 350 3111 ordinem
364 3051 564 3128 episcopalem
586 3053 766 3126 referuntur,
783 3052 808 3112 si
827 3053 958 3114 vicarius
978 3052 1107 3127 simplex

77 3141 117 3201 sit
131 3139 285 3215 sacerdos,
305 3141 470 3217 eujusmodi
483 3147 530 3201 est
551 3140 730 3202 benedicere
746 3142 883 3215 ebbates,
899 3149 929 3201 et
952 3157 1039 3200 saera
1052 3157 1106 3216 pa·

76 3237 216 3290 ramenta
229 3233 271 3302 (l)
282 3246 291 3302 3
304 3229 468 3305 virginibus
481 3230 658 3290 monialibus
671 3230 906 3290 consecrationis
918 3230 1020 3289 velum
1031 3245 1106 3290 oon-

77 3321 158 3380 ferre
174 3325 184 3394 l
205 3325 227 3392 ),
242 3324 273 3378 et
285 3319 480 3380 reconciliare
497 3326 566 3396 post
578 3319 774 3396 pollutionem
787 3319 934 3380 Ecclesiae
947 3333 1109 3378 consecra·

79 3415 126 3468 tas
137 3411 180 3480 (3)
191 3413 238 3466 :20
249 3411 290 3467 Ea
303 3425 370 3484 quae
381 3409 530 3484 pertinent
544 3408 581 3468 ad
595 3408 769 3484 dignitatem
780 3407 990 3486 episcopalem,
1005 3407 1106 3483 cujus-

78 3497 163 3558 modi
177 3502 248 3554 sunt
258 3495 426 3557 functiones
439 3497 634 3574 episcopales,
646 3503 677 3558 et
689 3496 856 3573 specialiter
867 3496 965 3556 missae
974 3511 1106 3556 conven-

82 3587 188 3660 tuales,
203 3589 257 3645 aut
268 3586 466 3663 pontificales,
480 3603 548 3662 quae
566 3585 598 3646 in
611 3586 745 3647 absentia
764 3585 902 3663 Episcopi
924 3585 963 3646 ad
981 3585 1109 3662 primam

190 3683 232 3737 ,1.
972 3685 1000 3737 10
