2546 4082
612 179 772 236 „290-

175 298 321 366 publicata.
340 299 381 354 oei
396 298 560 356 dmartdata
576 300 738 366 specialiter,
757 304 782 356 et
808 312 935 368 amorre.
956 299 1180 357 domtituticnlbos

176 369 345 436 tralaticia,
362 374 387 426 et
402 370 466 424 aliis
478 372 509 426 in
524 373 694 426 contrariam
708 372 870 439 facientibus
887 371 1115 427 nonobstantibus
1128 373 1180 438 poi·

175 441 345 508 bustumque,
361 442 433 495 salvo
446 442 471 496 si
485 456 564 510 mem
580 457 630 508 pro
647 444 796 508 sacrilepio,
818 446 843 495 et
856 457 992 496 manuum
1006 443 1141 509 injectione
1155 444 1181 496 in

176 511 302 566 denatm
314 514 476 567 sententiam
488 513 575 567 latam
591 528 608 566 a
624 528 725 568 canone
737 513 803 568 adeo
819 513 921 566 notorie
935 515 1083 568 constiterit
1097 515 1181 566 incur-

177 583 254 648 risse,
268 583 339 650 quoti
351 583 457 650 sartam
470 597 524 637 non
535 585 616 650 possit
630 585 724 652 atiquo
741 585 959 652 terpioersotione
973 586 1064 648 minti,
1079 599 1124 638 nec
1133 585 1178 637 ali·

176 667 228 720 quo
240 655 460 722 juriesulsrapio
473 655 615 708 mensori:
629 671 695 709 nans
711 671 729 708 a
745 657 931 709 cenomanicae
945 656 1028 721 illius,
1045 657 1101 711 licet
1111 656 1178 708 dan·

176 729 258 780 nattes
282 726 447 792 notesceret,
469 727 589 780 cauma
610 727 742 781 abstineri
761 729 845 794 juata
870 727 1015 780 canonicas
1039 729 1177 782 sanctiones.

177 796 229 850 Pet·
245 795 293 849 boc
309 802 401 850 tareten
417 797 573 864 huiusmodi
585 798 836 861 excommunicatos,
847 812 993 863 stirpenses,
1005 805 1029 854 et
1042 799 1179 852 tnta-aicta

176 881 232 922 non
247 868 414 922 intendimus
427 869 458 921 in
472 867 564 934 aliquo
577 869 703 934 reteoore,
713 883 763 922 nec
773 871 810 922 eis
823 869 953 936 paoneodo
967 870 1028 922 libel
1041 869 1178 936 suffrapan'.

176 965 207 978 -
221 940 272 1004 (iil)
284 940 351 992 bure
363 941 473 1006 antiquo
487 954 579 992 omnes
589 942 807 992 excommunicati
817 942 1089 993 excommunicatione
1099 942 1179 1006 majori

177 1012 376 1074 armentarii,
390 1011 499 1078 quando
512 1025 605 1063 eorum
619 1013 858 1065 excommunicatio
873 1017 931 1063 erat
946 1014 1062 1079 publica,
1080 1015 1105 1064 et
1116 1018 1179 1064 ncte-

178 1083 227 1134 ria.
243 1083 364 1136 Ecclesia
381 1084 453 1135 enim
475 1083 608 1134 tolerabat
627 1089 730 1135 tantum
746 1085 990 1136 excommunicatos
1009 1085 1122 1136 occultos
1139 1084 1182 1134 hcc

178 1167 270 1213 sensu,
281 1169 333 1220 quc
348 1154 436 1206 fidelis
447 1167 611 1218 cognoscens
620 1155 921 1206 excommunicationem
936 1155 1020 1206 fuisse
1034 1162 1181 1207 contractam

178 1224 328 1291 abaliquo,
351 1230 378 1276 et
394 1239 453 1277 esso
467 1226 711 1287 subnascentium,
730 1226 873 1277 tenebatur
891 1241 953 1278 oum
976 1226 1077 1278 occulte
1092 1231 1183 1277 mnium

179 1297 309 1359 deviare,
323 1310 377 1349 non
390 1296 509 1364 publice,
526 1301 554 1347 et
569 1309 623 1346 non
637 1298 780 1347 tenebatur
800 1311 861 1348 oum
875 1297 1049 1356 denunciare,
1063 1303 1092 1348 ut
1103 1297 1182 1362 proxi-

177 1381 283 1418 morum
298 1366 375 1418 iamae
389 1371 556 1432 parceretur.
577 1367 642 1430 Cup.
656 1367 672 1418 8
688 1370 715 1419 et
729 1369 756 1418 tt
770 1368 803 1418 de
817 1373 884 1419 sent.
900 1382 1002 1419 excom.
1018 1369 1112 1420 Postea
1125 1367 1185 1418 edite

178 1438 230 1490 init
243 1437 302 1490 haec
314 1438 391 1489 bulla
404 1437 513 1489 Martini
529 1437 563 1498 V,
578 1451 640 1504 quae
654 1441 743 1490 nmen
758 1443 881 1491 revocata
891 1440 942 1490 suit
955 1453 972 1490 a
985 1441 1101 1492 Concilio
1115 1439 1183 1490 Basi-

179 1509 279 1568 leense,
295 1523 311 1560 a
326 1509 413 1561 Leone
428 1509 464 1568 X,
482 1516 509 1560 et
522 1522 538 1560 a
552 1508 671 1560 Concilio
687 1510 866 1576 Lateraneuse
882 1510 912 1562 V.
930 1511 982 1562 Sed
1000 1510 1059 1562 haec
1071 1509 1184 1562 correctio

178 1593 233 1632 non
247 1581 371 1638 obtinuit,
385 1583 412 1632 et
429 1583 559 1645 perpetuo
579 1580 721 1646 dispositio
735 1581 844 1632 Martini
857 1581 889 1640 V,
904 1582 955 1632 init
973 1583 1183 1645 observataque

178 1665 211 1704 ex
231 1652 425 1704 consuetudine
443 1651 524 1702 etiam
540 1653 670 1716 nunejus
687 1652 760 1704 iacit.
781 1653 945 1705 Benedictus
958 1654 1033 1718 XIV,
1052 1655 1084 1705 de
1097 1651 1183 1718 Synod.

180 1722 199 1773 l.
213 1723 238 1784 6,
252 1737 274 1774 c.
291 1723 314 1784 5,
325 1737 352 1773 n.
367 1724 391 1774 ¹2.
406 1724 431 1774 Δ
448 1722 576 1774 diuturne
596 1727 715 1790 tempore
733 1735 794 1775 raro
815 1725 843 1775 in
864 1725 987 1777 Ecclesia
1009 1726 1114 1776 auditur
1132 1724 1184 1774 dote

181 1793 430 1854 excommunicatio,
450 1807 512 1858 quas
528 1794 646 1858 aliquem
662 1795 801 1847 uitandum
815 1796 910 1856 saciat;
924 1797 971 1848 sed
984 1797 1035 1848 hoc
1048 1810 1114 1848 anno
1126 1794 1183 1854 1863,

181 1863 225 1916 die
238 1864 252 1914 i
267 1865 387 1916 decemb.
410 1865 473 1916 telis
490 1865 621 1916 sententia
638 1879 654 1915 a
668 1865 694 1916 S.
711 1866 922 1932 congregatione
937 1867 1076 1928 Romanae,
1090 1872 1114 1918 et
1128 1866 1183 1918 Uni·

181 1936 294 1986 versalia
308 1934 492 2000 Inquisitionis
506 1936 663 1988 solemniter
676 1939 853 2002 pronunciata
863 1939 914 1990 init
926 1943 1019 1990 contra
1031 1939 1185 1990 Sacerdotem

180 2005 292 2058 Petrum
301 2005 420 2071 Mongini
430 2006 582 2058 Parochum
595 2006 691 2072 Ogehii
705 2009 831 2060 dioecesis
845 2010 869 2061 N
872 2010 1031 2069 cauriensis,
1046 2024 1098 2076 qua
1111 2008 1185 2060 decis·

183 2075 272 2128 ratum
293 2077 363 2140 suit,
388 2077 479 2141 ipsum
500 2079 612 2129 Petrum
634 2077 672 2131 sic
694 2078 887 2134 denunciatum
907 2079 941 2134 ab
966 2080 1088 2134 omnibns
1103 2075 1187 2134 atrati

181 2145 302 2212 fidelibus
318 2147 475 2201 carantam
491 2161 552 2208 esse.
570 2151 595 2202 el
613 2148 712 2203 evitari
728 2147 828 2202 debere.

216 2363 279 2420 287.
295 2359 568 2422 Escommunicetic
586 2363 710 2422 tolerata
734 2367 892 2438 sequentes
911 2361 989 2438 parit
1009 2365 1138 2436 effectus,
1151 2362 1186 2420 ni·

182 2448 292 2510 mirum
314 2449 410 2525 privat
435 2451 725 2510 excommunicatum
750 2456 804 2511 :1⁰
823 2469 883 2512 usu
904 2452 1012 2527 activo,
1035 2459 1065 2512 et
1086 2451 1187 2528 passivo

182 2541 451 2612 sacramentorum,
467 2538 538 2599 licet
558 2539 827 2600 excommunicatio
847 2541 885 2600 sit
898 2541 1025 2615 occulta,
1041 2543 1120 2601 salva
1132 2557 1187 2617 par-

182 2625 352 2702 ticipatione
373 2629 547 2688 eorumdem
559 2626 590 2687 in
603 2629 727 2688 arficulo
750 2629 856 2688 mortis
869 2631 924 2702 it);
939 2635 970 2688 2⁰
982 2631 1189 2706 portnipotione
1258 2667 1259 2678 r

183 2715 392 2791 suffragiorum
406 2716 555 2792 Ecclesia,
569 2724 599 2778 et
613 2715 881 2793 indulgentiarum
895 2722 926 2776 3ο
939 2719 1114 2778 assistentia
1127 2715 1189 2777 divi-

182 2802 230 2862 nis
258 2803 381 2877 officiis,
411 2805 535 2880 publicis
558 2806 756 2878 orationibuS‚
785 2806 1035 2880 processionibus,
1059 2807 1146 2866 immo
1168 2811 1192 2864 et

184 2891 367 2952 solemnibus
390 2893 646 2954 benedictionibus
659 2899 713 2968 (Ep
730 2900 828 2970 potest
846 2885 947 2954 tamen
962 2895 1188 2955 excommunica·

184 2985 232 3038 tus
254 2981 429 3042 concionem
448 2982 478 3042 in
500 2982 631 3043 Ecclesia
652 2982 769 3056 audire,
785 2984 875 3043 modo
888 2981 929 3041 ibi
946 2989 1019 3043 tunc
1034 2983 1131 3044 divina
1142 2997 1190 3043 non

185 3067 374 3130 celebrentur
387 3071 484 3130 officia
497 3076 551 3145 (3);
566 3078 596 3132 4⁰
610 3070 761 3131 nobilitate
774 3072 811 3131 ad
832 3072 988 3146 beneficia,
1003 3078 1034 3132 et
1045 3073 1140 3133 officia
1151 3089 1191 3131 ec·

186 3156 350 3218 ctesiastica
369 3176 565 3236 quaecrtmque
588 3165 643 3232 (t);
661 3164 691 3218 5⁰
711 3159 852 3235 facultate
869 3161 1069 3234 praesentandi
1082 3160 1190 3221 oblatio

190 3261 254 3318 nes,
278 3252 328 3306 aut
343 3248 547 3324 eleemosynas
572 3247 720 3322 Ecclesia,
735 3265 801 3326 quae
827 3265 845 3306 a
870 3247 1014 3308 ministris
1033 3250 1125 3325 recipi
1148 3265 1191 3308 ne·

188 3341 300 3408 queunt
314 3340 364 3410 ib);
381 3337 484 3413 60jure
499 3336 681 3396 obtinendis
694 3341 721 3396 S.
731 3337 806 3396 sede
819 3335 1007 3412 rescriptum,
1024 3339 1105 3413 quod
1119 3338 1189 3397 etiarn

186 3422 341 3484 obtentum
354 3432 399 3485 est
412 3427 533 3496 nullum,
548 3424 603 3484 nisi
614 3426 653 3484 de
663 3425 727 3501 ipsa
744 3442 833 3484 causa
846 3441 908 3484 suae
921 3426 1188 3486 excommunicatio
1256 3465 1257 3474 η

186 3509 233 3569 nis
246 3521 351 3587 agatur
362 3517 419 3585 (ὣς
435 3519 465 3571 7⁰
474 3514 628 3590 sepultura
640 3512 865 3586 ecclesiastica(
886 3519 906 3586 ).
