2490 4088
599 133 743 189 „62-

157 255 307 310 secundum
323 254 409 318 legem
425 253 481 315 iila,
497 266 558 318 quae
572 253 657 317 ipsam
673 253 759 318 legem
772 253 807 304 ad
819 267 899 306 usum
914 254 1028 316 deducit,
1040 258 1067 306 et
1079 269 1131 322 per
1144 257 1186 307 ob-

160 327 322 380 servantiam
336 325 423 389 legem
437 325 623 376 confirmat-
596 325 675 389 -(3)
689 325 733 376 Sic
741 339 788 382 ex.
799 339 840 390 gr.
855 325 1016 390 Reguloros,
1026 327 1074 392 qni
1092 333 1184 402 tepen-

159 402 204 452 tur
218 399 362 450 observare
378 394 437 446 dies
451 395 560 446 sextos
553 410 582 446 ιιι
600 396 690 461 aliquo
703 397 760 447 foco
777 397 950 462 prescriptos
964 411 989 450 v.
1006 412 1033 462 g.
1049 389 1130 450 festa
1136 413 1184 463 pt-

157 475 297 522 troporum
305 467 497 532 pnnotpaftum
512 469 555 526 (en
567 467 742 532 dispositione
753 467 920 518 Tridentini
913 483 941 518 ιιι
953 469 1010 520 See.
1021 469 1061 528 te,
1075 483 1133 550 cap
1148 470 1187 521 ιιι
1234 517 1235 540 ἦ

157 541 191 592 de
208 542 273 604 reg.)
289 552 344 589 uon
360 543 486 588 tenentur
508 537 576 588 forte
596 552 629 588 ex
640 540 702 602 J'ure
723 538 893 590 observare'
882 539 989 603 JeJ'unia
1004 539 1038 590 ab
1058 540 1185 606 episcopo
1234 559 1235 596 ι

156 611 266 663 indicta.
282 610 335 660 Sed
349 609 415 660 siin
430 608 531 661 Ordine
547 609 675 674 Reguferi
689 609 748 660 baec
762 610 929 661 consuetudo
941 610 984 668 sit,
1000 613 1031 660 ut
1043 610 1104 662 haec
1114 612 1186 675 jeju·
1234 599 1235 676 J

156 683 202 734 nia
216 682 251 732 eb
266 682 390 748 episcopo
404 681 565 744 praescripta
579 681 765 742 observentur,
776 683 857 732 erunt
871 682 1047 746 imposterum
1061 681 1187 747 religiose
1234 679 1235 706 ³

156 753 322 804 observanda
337 752 419 803 etism
432 764 448 801 a
460 751 644 815 Regularibus
657 765 711 802 non
725 751 753 802 ιιι
764 751 820 802 vim
831 752 1031 815 jurisdictionis
1044 755 1185 818 episcope·

156 823 200 886 fis,
216 837 277 890 quae
291 827 429 889 exemptos
443 835 497 872 non
511 821 602 880 efficit,
618 821 708 873 sedin
727 821 783 872 vim
804 822 1006 875 consuetudinis
1024 828 1127 889 praeter
1147 822 1185 875 le·

156 907 226 960 gem.
241 893 401 946 Benedictus
417 891 492 951 XIV,
507 892 540 944 de
555 892 664 958 Synod..
678 893 696 944 1.
714 892 752 956 ts,
767 907 791 944 c.
805 893 828 954 t,
843 908 873 947 n.
887 895 911 946 7.

193 1057 237 1114 56.
252 1053 296 1113 Ad
310 1050 557 1112 consuetudinem
571 1050 702 1128 legitime
714 1052 966 1128 praescribendsm
976 1053 1187 1130 piuresrequf-

155 1150 263 1204 ιιιιιιιιι
277 1141 474 1214 conditiones
485 1157 603 1217 nempe,
616 1146 649 1200 ut
660 1141 697 1201 sit
710 1161 716 1200 z
730 1143 927 1217 rationabilis,
939 1143 1186 1212 commembror-

155 1243 235 1308 ootc,
251 1239 281 1293 et
298 1231 466 1308 approbato.
477 1230 570 1290 Debet
584 1247 651 1290 esse
663 1231 846 1292 rationabilis
858 1237 916 1306 (f);
938 1232 991 1292 sed
1004 1231 1187 1291 rationabilis

155 1317 1109 1394 nonestconsuetudo,quaejuridivino,autnaturafiadversatur,
1117 1337 1186 1379 cum

153 1413 203 1486 Jus
219 1409 390 1471 humanitus
408 1409 524 1468 confeci
512 1414 575 1467 tum
589 1409 671 1483 leges
686 1415 814 1486 nequeat
831 1410 940 1470 laedere
959 1408 1098 1469 divinitus
1112 1426 1184 1468 con-

156 1501 273 1562 stitutas
285 1497 368 1572 (md
358 1504 429 1556 rtem
444 1513 555 1556 consue
556 1496 678 1570 t'udo,
656 1514 681 1556 ιι
695 1497 766 1573 quid
781 1505 886 1558 contre
902 1499 993 1558 fidem
1008 1504 1056 1557 cat
1044 1498 1187 1557 thoficam

155 1603 301 1664 usurpare
317 1585 510 1687 dignoscitur,
527 1602 593 1661 quoe
607 1602 668 1644 non
693 1592 756 1646 tam
776 1604 888 1651 consue
889 1588 971 1660 tudo,
994 1603 1084 1688 quam
1098 1593 1186 1646 vetu-

146 1685 219 1746 stas
232 1676 342 1736 erroris
355 1682 401 1734 est
413 1673 654 1750 nuncupanda&
656 1676 665 1744 )
683 1693 690 1732 ι
706 1674 778 1735 item
792 1675 1026 1749 consuetudo,
1004 1693 1029 1735 ει
1046 1675 1186 1734 Ecclesiae

139 1767 236 1826 ‘bono
255 1766 438 1836 adversetur,
462 1762 487 1821 si
504 1763 534 1821 in
548 1762 716 1837 periculum
740 1770 859 1824 aeternae
875 1765 988 1838 salutis,
1000 1765 1048 1823 vel
1061 1765 1099 1823 ad
1113 1781 1184 1839 pec-

156 1856 286 1916 candum
298 1852 427 1925 inducit,
443 1850 512 1926 quia
527 1851 705 1921 diuturnitas
729 1854 873 1929 temporis
893 1871 954 1913 nou
969 1851 1115 1926 diminuit,
1132 1853 1186 1913 sed

157 1950 246 2022 auget
260 1948 382 2020 peccata
401 1944 441 2013 (f)
459 1960 465 1998 :
480 1941 552 2027 item
565 1941 686 2002 demum
705 1943 889 2002 consuetudo
906 1944 973 2020 jure
985 1943 1132 2002 canonico
1144 1959 1186 2002 re

156 2035 292 2110 probata,
308 2048 374 2108 quae
389 2030 500 2090 abusus
517 2035 547 2089 et
570 2032 749 2106 corruptela,
775 2031 965 2108 potiusquam
982 2030 1184 2105 consuetudo,
1234 2091 1235 2098 ,

157 2124 323 2201 appellatur
336 2125 387 2193 (5).

191 2213 285 2272 Debet
308 2225 374 2269 esse
396 2205 524 2267 admissa
542 2208 685 2281 apopulo
708 2225 715 2266 :
736 2208 899 2270 admittitur
914 2215 1015 2270 autem
1028 2225 1083 2284 per
1100 2215 1185 2268 aetus

155 2303 337 2376 frequentes
365 2294 561 2368 voluntarios
584 2294 757 2370 uniformes,
782 2304 812 2357 et
825 2297 942 2374 publice
959 2298 996 2356 ab
1016 2297 1185 2358 hominibus

45 2395 48 2406 '
157 2388 293 2460 emissos,
318 2385 370 2462 qui
390 2383 638 2444 communitatem
666 2392 859 2460 componunt,
887 2403 957 2446 oum
976 2383 1130 2446 voluntate
1153 2403 1185 2446 se
1228 2435 1231 2444 .

157 2475 317 2552 obligandi.
333 2473 436 2545 Quoad
457 2488 619 2531 numemm
638 2479 759 2532 actuum
772 2473 811 2532 ad
827 2475 1066 2535 constituendam
1079 2491 1185 2535 eorum

156 2563 354 2642 frequentiam
365 2561 438 2626 nihil
451 2567 496 2620 est
509 2560 540 2618 ιιι
552 2561 621 2635 jure
636 2560 802 2636 definitum3
819 2581 912 2639 quare
922 2580 1066 2624 numerus
1078 2581 1184 2624 neces-

157 2654 253 2714 sarius
266 2671 283 2711 a
294 2651 405 2727 judice,
420 2649 553 2726 pensatis
565 2648 619 2723 rei,
634 2655 664 2708 et
675 2666 873 2725 personarum
886 2652 1126 2752 circumstantiis
1140 2659 1185 2713 est

157 2739 409 2813 determinandae,
425 2744 456 2798 et
466 2739 526 2798 duo
543 2743 629 2796 actus
641 2745 767 2812 possunt
782 2735 930 2815 sufficere,
946 2741 1015 2817 quia
1028 2759 1068 2801 ex
1081 2743 1184 2817 regula

154 2831 241 2906 juris,
256 2828 385 2929 pluralis
402 2823 506 2886 locutio
520 2827 652 2886 duorum
670 2844 795 2888 ιιιιιιιιιι
820 2837 862 2888 ιιι
875 2839 1009 2891 contectato
1029 2834 1080 2902 (6).
1096 2837 1184 2891 Actus

155 2908 313 2979 uoluntarii
327 2915 530 2992 requiruntur,
546 2915 649 2990 quiesi
668 2915 745 2976 desit
757 2918 905 2994 voluntas,
921 2920 1004 2980 deest
1018 2937 1184 2980 consensus

53 3073 64 3094 κ
155 3024 270 3068 novum
289 3023 343 3082 per
364 3004 632 3064 consuetudinem
622 3021 671 3080 Jus
685 3005 940 3067 introducendi'f
911 3011 940 3078 (7
942 3011 952 3080 )
970 3009 1184 3084 :requiruntur

156 3095 328 3165 uniformes
349 3093 432 3153 aliter
451 3110 483 3152 se
501 3100 605 3154 mutuo
624 3093 836 3156 destruerent:
858 3097 1051 3173 requiruntur
1065 3098 1184 3173 publice

157 3183 256 3244 emissi
269 3184 307 3243 ab
324 3181 503 3254 hominibus,
527 3181 577 3256 qui
596 3184 840 3246 communitatem
857 3193 1051 3262 componunt,
1064 3189 1113 3262 vef
1127 3188 1184 3246 sal·

157 3280 218 3334 tem
232 3291 250 3333 e
262 3273 376 3347 majore
390 3271 564 3331 eorumdem
579 3277 674 3347 porte,
689 3277 754 3331 tum
772 3280 806 3334 ut
822 3275 1030 3336 notorietatcm
1043 3275 1182 3350 habeant,

158 3380 224 3438 quae
237 3361 303 3422 vice
315 3359 556 3446 promulgationis
571 3360 713 3436 fungitur,
728 3368 793 3422 tum
805 3371 838 3422 ut
852 3380 973 3423 omnem
986 3366 1182 3426 communita-

158 3457 219 3511 tem
233 3449 372 3524 obligent,
386 3451 417 3509 iu
428 3467 487 3525 qua
501 3447 613 3508 decisio
634 3452 741 3510 saltem
755 3452 877 3526 majoris
893 3453 986 3528 partis
999 3453 1090 3514 trahit
1100 3455 1139 3514 ed
1152 3470 1183 3513 se

159 3539 306 3600 minorem
321 3557 327 3600 :
344 3540 464 3598 demum
475 3538 506 3597 hi
516 3538 601 3598 totus
618 3539 682 3600 fieri
695 3540 805 3600 debent
821 3557 890 3600 curn
903 3543 1055 3602 voluntate
1070 3543 1096 3601 si
1110 3541 1183 3622 obfi-
