2468 4090
614 203 774 258 -rst-
929 231 931 238 ι
1224 181 1225 270 t

171 329 228 386 as.
239 322 473 402 congregatione
481 323 594 396 datum,
604 341 664 400 quo
674 319 747 384 heau
754 321 874 400 capituli
885 319 1047 395 mccessio,
1062 327 1096 382 et
1108 319 1202 418 adrni-
1224 271 1225 352 ι

130 411 138 424 ’
168 413 304 474 uishatio
326 413 506 488 excluditur,
521 419 552 474 et
574 411 639 489 ipse
657 411 789 472 vicarius
811 409 997 488 apostolicus
1017 409 1202 488 jurisdictio·
1224 437 1225 496 ι

173 517 243 562 nem
252 507 376 562 exercet
387 505 438 572 (3).
1224 511 1225 524 ι

204 621 239 688 tt)
252 621 314 674 Bul.
327 620 403 674 ηοιιι
410 634 498 688 nuper
508 621 613 676 Urbani
627 622 703 676 VIIl.
714 647 746 660 --
761 621 795 686 (ι)
810 621 954 688 Fagnanus
965 620 992 672 in
1003 633 1063 686 cap.
1080 617 1202 686 Qualiter
1224 629 1225 656 ³

172 693 207 746 de
225 696 343 745 accusat.
361 707 389 744 n.
410 694 441 745 95
462 699 489 746 et
507 707 582 760 seqq.
597 721 625 732 -
645 693 680 760 (3)
694 693 721 746 Si
734 707 798 745 uero
820 695 966 760 episeopus
981 693 1027 744 liat
1041 691 1202 754 infidelium,
1224 701 1225 718 ²

170 764 214 818 vel
228 763 420 816 haereticorum
433 765 565 828 captivus,
581 766 624 817 vel
644 765 672 816 in
694 779 831 816 carcerem
853 764 1021 822 detrudatur,
1044 762 1128 814 sedes
1152 776 1202 812 nou
1224 791 1225 816 1

172 840 260 893 vacat,
276 840 302 886 st
317 835 377 900 ipse
392 849 440 900 per
455 835 569 896 litteras,
583 850 685 902 perque
694 836 832 888 Viearium
846 849 925 886 snum
940 834 1098 900 generalem
1112 846 1203 898 regere
1224 837 1225 840 ’

171 905 323 960 Ecclesiam
344 919 421 958 suam
435 910 532 971 potest.
546 907 605 958 Hoc
617 907 751 972 probatur
763 921 797 958 ex
811 906 992 958 declaratione
1006 906 1033 956 S.
1050 905 1203 970 Congrege-
1224 899 1225 918 ³

173 975 255 1030 tionis
268 976 401 1043 producta
414 989 432 1028 a
444 977 590 1029 Benedicto
603 979 678 1038 xiv,
694 978 727 1029 de
738 979 836 1044 Synod.
853 978 870 1030 l.
888 977 929 1040 13,
943 991 965 1028 c.
983 977 1019 1036 16,
1032 991 1058 1026 u.
1073 976 1115 1035 to,
1127 979 1154 1026 et
1168 975 1202 1034 ri;
1224 957 1225 1030 l

175 1054 203 1100 et
222 1049 396 1100 confirmatur
417 1062 450 1100 ex
464 1049 562 1101 litteris
576 1049 700 1116 Gregorii
719 1049 795 1109 XVI,
811 1049 882 1102 datis
896 1049 939 1100 die
954 1048 969 1098 9
982 1047 1056 1106 maii,
1071 1059 1119 1098 an.
1139 1047 1202 1104 1838,
1224 1049 1225 1114 ᾗ

173 1121 203 1171 in
216 1133 299 1171 causa
312 1119 507 1184 archiepiscopi
524 1121 700 1181 coloniensis,
716 1122 745 1172 in
764 1121 864 1188 quihus
877 1119 978 1171 leniter
994 1117 1204 1190 reprehenditur

176 1190 391 1255 metropolitanus
406 1191 565 1256 capitulum,
579 1193 651 1257 quod
665 1196 727 1258 post
736 1191 931 1257 archiepiscopi
946 1196 1086 1257 capturam
1103 1190 1139 1240 ad
1153 1189 1202 1240 ele·
1224 1183 1225 1224 t

176 1262 293 1314 ctionem
307 1261 400 1313 vicarii
418 1261 576 1328 capitularis
592 1262 748 1325 devenerat,
762 1264 825 1314 licet
838 1263 866 1312 in
885 1263 1015 1312 vicarium
1029 1259 1203 1325 capitularem
1224 1285 1225 1326 g

175 1332 230 1386 sihi
244 1333 422 1397 assumpserit
438 1333 529 1398 ipsum
544 1333 741 1400 archiepiscopi
756 1334 893 1385 vicarium
911 1332 1074 1398 generalem,
1091 1335 1120 1383 et
1134 1333 1201 1396 ejus·
1224 1331 1225 1382 l

176 1403 240 1456 dem
255 1403 409 1468 jurisdictio
427 1404 600 1456 confirmatur
619 1418 674 1456 non
693 1412 724 1456 ut
743 1405 837 1457 vicarii
858 1402 980 1469 capituli,
994 1403 1043 1455 sed
1061 1407 1094 1454 ut
1106 1401 1202 1452 vicarii
1224 1401 1225 1460 i

176 1475 305 1541 episcopi.
323 1473 382 1524 Hoc
407 1475 498 1540 ipsum
517 1476 552 1526 ah
576 1475 707 1526 hodierne
727 1477 806 1542 praxi
819 1476 977 1527 roboretur:
998 1488 1061 1524 uam
1077 1473 1203 1536 Aloysius
1224 1469 1225 1526 ἶ

176 1545 310 1597 Franaoni
326 1545 547 1610 archiepiscopus
556 1546 741 1610 laurinensis,
752 1552 779 1598 et
792 1545 950 1598 Emmanuel
961 1545 1110 1610 Mavungiu
1120 1545 1202 1595 Nurra
1224 1547 1225 1582 ὲ

178 1615 406 1681 archiepiscopus
429 1617 608 1688 GaleritanuS,
632 1632 679 1682 per
701 1632 795 1670 eorum
810 1619 931 1669 Vicerios
950 1617 1093 1682 generales
1114 1628 1202 1666 eorum
1224 1593 1225 1688 ι

178 1686 389 1738 archidioeceses
402 1688 540 1752 regebant,
555 1687 620 1738 dum
634 1701 649 1739 e
663 1689 720 1740 suis
734 1689 847 1740 sedibus
863 1687 890 1738 vi
903 1687 1008 1752 expulsi
1024 1693 1103 1738 extra
1116 1685 1201 1736 Sardi·
1224 1693 1225 1748 ι

177 1757 231 1808 niae
247 1771 360 1822 regnum
377 1757 412 1808 ad
429 1758 539 1823 longum
560 1765 667 1826 tempus
686 1761 820 1818 vixerunt,
837 1759 883 1811 ille
906 1758 1012 1810 scilicet
1028 1756 1156 1822 Lugduni
1179 1755 1202 1804 iu
1224 1751 1225 1792 t

179 1827 276 1886 Gallia,
296 1830 324 1879 at
337 1828 380 1878 hic
395 1829 498 1880 Romae.
515 1830 699 1882 Nihilominus
714 1830 738 1880 si
755 1831 784 1880 in
807 1830 971 1895 captivitate,
986 1829 1029 1880 vel
1049 1830 1076 1878 in
1100 1839 1201 1878 earcere
1224 1803 1225 1896 l

178 1899 216 1950 ita
229 1900 303 1950 arcta
322 1900 505 1952 custodiretur
519 1902 673 1967 episeopus,
690 1907 722 1952 ut
737 1901 841 1952 nullam
860 1902 953 1966 posset
965 1900 1067 1950 hahere
1082 1913 1145 1950 cum
1158 1909 1200 1948 sua
1224 1903 1225 1922 l

167 1969 289 2021 dioecesi
310 1971 586 2032 communicationem,
606 1972 772 2038 nullumque
789 1972 944 2038 reliquisset
957 1971 1098 2029 vicarium,
1118 1970 1201 2034 posset

180 2040 332 2121 capitulum
354 2042 485 2094 vicarium
506 2043 682 2109 capitularem
705 2044 813 2095 interim
836 2043 945 2108 eligere,
970 2047 1001 2092 ut
1015 2041 1073 2094 loeo
1088 2038 1200 2106 episcopi
1224 2059 1225 2110 ι

178 2111 391 2173 administraret,
410 2114 494 2166 donee
509 2115 593 2167 aliea
613 2115 642 2166 S.
658 2114 726 2166 Sede
741 2114 852 2166 daretur
865 2113 1042 2180 providentia,
1056 2111 1099 2163 eui
1117 2112 1199 2163 statim
1224 2117 1225 2176 t

213 2183 260 2235 het
272 2187 417 2251 utrumque
429 2187 531 2238 laetum
544 2187 701 2252 significari,
714 2199 775 2248 cap.
786 2187 809 2245 3,
821 2185 853 2237 de
864 2185 952 2251 suppl.
965 2185 1035 2249 negt.
1051 2183 1132 2234 Praei.
1145 2183 1170 2232 in
1179 2182 1198 2232 6.
1224 2177 1225 2246 l

204 2261 214 2305 t
237 2253 308 2306 idem
326 2256 434 2308 videtur
454 2257 609 2317 dicendum,
625 2259 648 2308 si
662 2257 846 2322 episcopusin
861 2257 1017 2314 amentiam,
1031 2254 1075 2306 vel
1089 2254 1200 2306 furorem
1224 2251 1225 2310 l

180 2325 289 2385 incidat,
303 2327 345 2378 vel
360 2327 413 2380 elio
428 2332 558 2394 perpetuo
573 2323 667 2380 morho
681 2329 718 2378 ita
728 2327 873 2386 afficiatur,
885 2334 916 2378 ut
925 2327 1043 2378 officium
1053 2325 1200 2392 episcopale

179 2396 255 2447 nullo
269 2404 347 2463 pacto
361 2398 450 2450 valeat
464 2414 600 2452 exercerc.
615 2401 680 2464 Arg.
697 2413 755 2466 cap.
768 2399 789 2457 l,
800 2399 833 2450 de
845 2399 908 2450 cler.
925 2405 1019 2462 aegrot.
1038 2399 1066 2449 in
1083 2397 1108 2448 6.
1122 2397 1169 2446 His
1180 2408 1200 2445 e·
1224 2397 1225 2454 t

181 2469 238 2518 nim
258 2468 285 2518 in
300 2469 409 2522 casibus
430 2471 507 2522 sedes
521 2469 725 2536 interpretative
739 2473 825 2529 vacat,
842 2474 868 2521 et
882 2469 909 2520 in
930 2468 1077 2535 capitulum
1092 2466 1199 2519 admini·
1224 2458 1225 2545 l

180 2542 256 2598 stret,
264 2540 346 2591 nimis
356 2541 475 2605 graviter
484 2547 573 2606 potest
587 2541 657 2598 ledi,
670 2549 697 2592 et
710 2541 816 2592 turbari
828 2541 955 2600 Ecclesia,
968 2541 1033 2605 quia
1047 2541 1125 2606 paria
1136 2539 1198 2594 sunt,
1224 2555 1225 2608 ι

183 2614 215 2660 nt
226 2610 264 2661 sit
275 2610 460 2672 Roilleristuel,
478 2627 533 2666 non
549 2612 652 2664 hahere
665 2613 831 2678 episcopum,
847 2618 893 2664 aut
906 2611 1008 2664 habere
1021 2611 1152 2662 inutilem.

223 2782 286 2838 196.
301 2777 469 2841 iurisdictio
480 2781 669 2858 abepiscopo
682 2782 712 2842 iu
727 2782 889 2859 capitulum
901 2781 1040 2842 devoluta
1054 2779 1105 2840 diu
1118 2781 1200 2838 atoto

188 2883 316 2943 corpore
331 2870 465 2930 exerceri
479 2888 540 2930 non
554 2877 662 2948 potest,
673 2871 743 2948 quia
755 2871 939 2948 experientia
952 2876 1140 2947 compertum
1153 2872 1199 2937 est,

188 2972 378 3017 communem
389 2959 673 3020 administrationem
686 2961 891 3020 contusionem
905 2977 1029 3036 parare3
1045 2959 1113 3018 ideo
1129 2964 1200 3016 teuc·
1224 2991 1225 3084 1

188 3050 237 3104 tur
255 3047 418 3123 capitulum
435 3065 537 3122 unum,
556 3051 605 3109 vel
626 3051 728 3124 plures
750 3066 926 3109 oeconomos
947 3048 1138 3120 constituere,
1159 3041 1200 3120 qui

186 3149 288 3194 rerum
303 3136 580 3209 ecclesiasticarum,
596 3143 626 3197 et
637 3144 837 3213 proventuum
852 3155 957 3198 euram
969 3145 1086 3214 gerant,
1098 3142 1127 3196 et
1141 3133 1200 3194 iusi·

128 3279 130 3283 .
187 3223 250 3284 mul
262 3223 337 3284 iufra
352 3237 422 3284 octo
436 3226 500 3286 dies
513 3233 581 3301 post
592 3225 726 3302 episcopi
735 3234 872 3300 mortem,
888 3229 936 3287 vel
945 3227 1198 3293 renunciationem,

189 3318 258 3386 ete,
270 3331 364 3374 uuum
376 3313 646 3374 tontumlliearium
665 3314 855 3391 capitularem
875 3315 1017 3377 idoneum
1036 3317 1144 3392 eligere
1156 3317 1198 3388 (t),

189 3402 240 3480 qui
248 3405 484 3480 jurisdictionem
496 3404 527 3464 in
546 3403 707 3479 capitulum
720 3405 927 3466 transmissam
941 3401 1082 3468 exerceat
1098 3425 1105 3466 :
1126 3418 1200 3465 secus

188 3493 293 3554 electio
306 3493 472 3554 devolvitur
485 3494 523 3554 ad
538 3493 807 3570 Metropolitanum
823 3498 881 3570 vel,
892 3497 917 3556 si
931 3496 997 3573 ipsa
1013 3495 1139 3558 ecelesia
1151 3499 1198 3554 lle·

189 3581 367 3657 tropolitaua
385 3581 423 3642 sit
439 3599 559 3656 vacans,
581 3583 619 3642 ad
641 3583 815 3660 episcopum
835 3583 997 3646 Provinciae
1017 3583 1199 3662 antiquiorem
