2546 4082
481 183 641 244 ..309-

74 307 151 366 299.
172 303 225 364 llis
238 304 383 382 expositis
395 303 434 365 de
453 306 553 382 poenis
573 307 808 380 medicinalibus,
831 307 870 368 ad
883 307 1077 368 vindicativas

36 393 235 468 accedimus,
247 410 376 469 quarum
387 395 484 470 mator
497 401 544 454 est
556 395 741 471 degradatio,
755 396 817 456 sive
831 397 917 459 aliter
930 399 1077 474 appellata

35 483 202 558 depositio
215 483 314 555 realis,
332 501 399 560 qnae
413 473 565 560 ita'potest
579 484 710 544 describi
725 484 883 546 nimirum:
900 487 1075 562 chrodotio

34 578 80 629 cst
93 587 193 647 poena
206 571 406 642 ecclesiastico,
421 589 480 648 qun
495 572 623 632 Clericus
638 573 740 632 ordine
759 581 785 633 ct
797 590 920 634 monere
935 574 1074 647 clericuli,

33 667 260 736 consequenter
272 661 362 720 ctiam
376 662 459 720 omni
472 661 616 738 beneficio,
628 669 655 722 et
668 663 773 738 officio,
787 679 842 722 nec
852 679 913 722 oon
925 663 1075 740 privilegio

31 750 100 824 [ori
112 756 146 808 nt
160 749 284 810 cunonis
296 767 349 826 per
361 749 539 810 sententium
552 750 733 825 solemniter,
746 758 916 828 ctpctpetno
924 753 1074 828 privatur,

33 845 59 898 ct
73 838 315 899 curtasccutori
326 839 467 908 traditur,
477 846 512 898 ot
526 839 561 900 ab
571 840 767 916 cudcmjuutu
781 839 853 915 teges
861 843 1031 916 puniatur(
1052 845 1073 912 ).

32 927 122 986 'ralis
139 932 190 986 est
202 925 262 1001 illa,
277 944 344 1003 quae
356 925 560 988 describitura
574 929 723 989 Eonilacio
732 933 790 989 vttl
799 932 851 1002 (1),
863 945 930 1004 quae
942 927 1073 1003 quidem,

33 1016 61 1074 si
88 1013 199 1090 agitur
223 1015 262 1076 de
282 1017 461 1092 Presbytero
482 1015 570 1077 datur
590 1017 628 1076 ab
646 1017 794 1093 Episcopo
815 1017 846 1076 in
865 1016 1006 1092 praeentia
1020 1031 1075 1074 sex

34 1103 280 1180 Episcoporum,
301 1107 349 1165 vel
371 1105 517 1165 abbatum
537 1122 625 1166 usum
645 1105 751 1179 mitrae,
767 1112 796 1166 et
808 1103 905 1165 dioduli
919 1104 1075 1181 pastoralis

33 1192 235 1265 habentium,
260 1192 312 1270 qui
333 1193 359 1252 si
380 1193 525 1254 interesse
545 1195 702 1254 commode
716 1200 873 1270 nequeant,
886 1200 1013 1270 possunt
1026 1210 1074 1266 re·

33 1282 226 1358 praesentori
241 1299 295 1358 per
308 1281 381 1342 alias
394 1300 539 1359 personas
549 1284 579 1342 in
594 1284 736 1358 dignitate
747 1283 947 1343 ecclesiastica
961 1283 1073 1342 consti-

33 1379 138 1444 tutas,
164 1375 251 1431 aetate
274 1387 390 1447 graves,
415 1378 445 1431 et
464 1371 540 1448 juris
560 1372 684 1432 seientia
706 1371 956 1432 commendabiles
971 1374 1022 1444 (3).
1044 1369 1073 1431 si

33 1462 146 1537 agitur
164 1459 203 1519 de
225 1459 284 1519 alio
306 1459 442 1520 ministro
465 1459 495 1518 in
517 1461 622 1520 ordine
640 1477 727 1520 sacro
747 1459 917 1532 constituto,
934 1458 1021 1519 datur
1034 1459 1073 1518 ab

33 1551 197 1625 Episcopo
220 1548 250 1606 in
274 1549 433 1625 praesentia
454 1549 544 1608 trium
563 1550 713 1610 dictorum
732 1550 873 1608 virorum.
889 1553 923 1608 Et
938 1549 963 1606 si
975 1548 1073 1624 agitur

33 1639 75 1698 de
92 1637 160 1696 alio
175 1635 312 1696 ministro
326 1637 357 1695 in
371 1637 476 1697 ordine
489 1638 605 1720 minore
625 1638 786 1698 constituto
804 1655 822 1697 a
840 1639 905 1697 solo
924 1637 1071 1712 Episcopo

32 1728 70 1786 fit
85 1744 94 1784 ι
117 1741 224 1784 verum
242 1742 281 1784 ex
301 1726 516 1786 consuetudine
530 1727 590 1785 boc
601 1727 707 1787 ultimo
722 1743 794 1786 casu
808 1743 870 1784 non
892 1727 968 1785 solet
987 1725 1072 1785 adhi-

31 1813 109 1876 beri
134 1813 213 1872 dicta
236 1813 378 1874 solemnis
400 1814 573 1890 degradatio
596 1819 647 1888 (t).
676 1820 746 1874 llaec
773 1822 872 1874 tamur
897 1813 1072 1890 gravissima
1140 1833 1145 1842 ·

32 1921 139 1981 poena
161 1902 252 1978 infligi
277 1919 337 1962 non
358 1911 467 1978 potest,
490 1903 545 1962 nisi
569 1904 608 1963 ob
630 1903 838 1979 gravissimum
852 1904 950 1963 scelus
963 1902 1073 1978 injure

32 2009 111 2055 eam
135 2008 259 2067 poenam
278 1992 450 2066 adjunctam
472 1992 596 2065 babens,
621 1991 787 2068 eujusmodi
810 1998 855 2052 est
876 1991 1012 2061 haeresis,
1043 1998 1074 2051 et

32 2079 196 2158 apostasia
210 2084 262 2154 (t),
284 2078 450 2140 falsificatio
470 2080 647 2141 Litterarum
671 2080 908 2156 Apostolicorum
925 2083 977 2152 (6),
999 2097 1073 2139 con-

32 2167 172 2247 spiratio
193 2175 298 2228 contra
317 2169 472 2244 proprium
492 2168 671 2244 Episcopum
686 2172 740 2241 (1),
755 2167 947 2228 assassinium
962 2171 1012 2240 (8),
1026 2167 1072 2226 in-

31 2256 253 2332 corrigibilius
269 2257 369 2317 clerici
378 2265 447 2333 post
456 2263 591 2317 servatos
599 2257 722 2317 aliarum
732 2257 1008 2333 poenarumgradus
1017 2261 1069 2329 (9),

31 2345 158 2406 crimen
174 2344 332 2404 nefandum
346 2352 451 2404 contra
464 2351 602 2405 naturam
615 2345 726 2421 pluries
740 2351 888 2421 patratum
904 2348 973 2417 (10),
989 2345 1069 2404 solli-

31 2431 146 2495 citatio
168 2433 207 2493 ad
229 2432 327 2509 turpia
345 2433 375 2491 in
397 2432 604 2492 sacramentali
624 2433 810 2493 confessione
824 2436 894 2505 (11),
909 2432 1069 2492 celebratio

29 2524 209 2596 blissarum,
224 2530 254 2582 et
268 2520 378 2581 auditio
393 2522 614 2582 confessionum
627 2541 645 2581 a
662 2539 721 2581 non
737 2521 892 2580 sacerdote
906 2521 981 2581 facta
997 2525 1067 2596 (tn),

30 2609 214 2689 procuratio
228 2610 351 2670 abortus
364 2611 454 2669 fotus
470 2609 590 2670 animati
605 2613 675 2683 (13),
696 2610 842 2670 conlectio
860 2611 942 2668 tatsae
961 2627 1066 2670 mone·

30 2710 74 2761 tae
88 2701 124 2759 in
136 2698 230 2772 ltalia,
246 2715 282 2757 ac
295 2698 436 2758 falsarum
451 2699 689 2774 syngraphorum
706 2699 816 2758 montis
829 2697 946 2772 pietatis
960 2704 1066 2758 Roma·

29 2790 76 2864 ni,
97 2804 136 2847 ac
150 2803 262 2846 mensae
275 2787 480 2846 nummulariae
495 2791 523 2845 S.
540 2787 665 2862 Spiritus
683 2789 752 2861 (tt),
768 2793 798 2846 et
818 2787 929 2846 lurtum
947 2786 1067 2846 sacrilo-

30 2893 112 2956 gum
128 2875 327 2937 Sanctissimae
340 2875 529 2940 Eucharistiae
544 2879 613 2950 (15).

65 3061 110 3127 (1)
125 3059 192 3111 Haec
202 3057 358 3124 degradatio
372 3071 425 3110 non
437 3061 525 3124 potest
540 3058 592 3110 diei
607 3059 754 3125 antiquata,
765 3063 795 3110 ut
811 3059 920 3126 quidam
938 3060 990 3111 sibi
1003 3075 1065 3125 pcr-

31 3133 159 3187 suadent
172 3152 179 3182 ι
196 3131 330 3195 reperitur
345 3130 417 3180 enim
434 3130 583 3195 prescripta
597 3131 781 3182 recentissime
798 3132 826 3182 in
839 3135 889 3183 art.
904 3133 926 3181 5.
943 3132 1064 3183 Conven-

30 3202 177 3258 ventionis
190 3203 254 3254 anni
276 3202 345 3260 1811,
368 3201 439 3252 inter
454 3200 615 3264 Gregorium
629 3203 694 3252 XVI
715 3205 742 3252 et
759 3203 859 3268 Regem
880 3203 1021 3262 Sardiniae,
1038 3203 1066 3255 in

32 3290 96 3344 qua
108 3274 277 3339 praecipitur,
288 3278 319 3323 ut
330 3273 377 3323 liat
390 3271 539 3324 secundnm
552 3286 689 3324 sacrorum
705 3287 838 3325 canonum
850 3274 1064 3340 dispositionem.

32 3379 65 3388 -
85 3346 124 3410 (1)
145 3345 209 3410 Cap.
229 3344 244 3394 2
263 3344 297 3394 de
319 3357 391 3409 poen.
412 3344 440 3394 in
463 3344 487 3393 6.
507 3370 538 3379 -
555 3343 591 3408 (3)
610 3343 684 3395 Trid.
708 3358 774 3395 sess.
789 3345 825 3407 13,
841 3360 864 3396 e.
880 3346 904 3403 t,
919 3345 952 3395 de
969 3346 1018 3396 rel.
1036 3374 1064 3384 -

31 3422 73 3486 (t)
89 3417 203 3467 Flebilis
213 3415 418 3480 degradantium
432 3416 588 3472 conventus,
605 3415 649 3464 cui
665 3420 765 3480 praeter
776 3416 940 3481 Episcopum
954 3416 1062 3481 pontili-

32 3489 147 3544 calibus
159 3486 284 3537 indutum
293 3487 424 3548 vestibus,
435 3491 602 3551 caeterosque
614 3487 760 3550 praedictos
770 3489 967 3540 ecclesiasticos
979 3489 1060 3548 viros.

29 3561 123 3628 judex
139 3558 289 3622 secularis,
303 3557 403 3622 aliique
419 3556 545 3620 ministri,
557 3561 586 3609 et
600 3556 718 3623 populus
734 3559 821 3620 adest,
831 3560 860 3611 in
873 3559 1004 3618 Ecclesia,
1015 3567 1063 3613 aut
1078 3605 1083 3612 .
