2546 4082
499 203 659 264 453...

44 327 123 377 tates
140 323 220 376 adeat
233 323 375 388 Aloysinm
390 323 494 378 cuerra
504 327 588 392 Epist.
606 329 685 379 Pont.
701 325 792 380 const.
802 329 866 380 tom.
881 327 903 392 i,
915 327 981 381 edit.
993 325 1082 380 venet

46 409 95 446 an.
112 395 188 446 1772.
201 421 234 433 -
247 395 282 460 (t)
297 395 401 448 Horum
414 411 499 448 unum
514 398 623 450 efferam
638 411 707 449 anuo
720 399 790 457 1753,
802 412 959 452 conoessum
980 401 1087 452 confra-

46 469 149 518 tribus
171 467 263 518 Beate
285 467 378 518 Mariae
399 468 518 534 Virginis
541 467 578 520 Dr
600 464 731 524 Soourrsu
745 469 847 522 cenum
861 470 1001 532 institutis,
1015 467 1088 536 quod

46 539 127 590 inter
144 539 198 590 elia
209 539 237 590 in
252 553 284 589 eo
299 540 431 602 consistit,
439 545 479 600 ut,
491 546 598 592 servata
612 541 672 606 laga
679 540 786 606 jejunii,
798 542 905 606 quando
915 544 997 606 riget,
1005 541 1088 593 iidem
1124 569 1126 574 ·

48 611 211 668 confratres
226 614 337 674 possent
355 611 428 662 vesci
452 611 520 671 ovis,
543 617 569 662 et
590 613 733 662 lacticiniis
758 611 884 664 omnibus
906 613 969 664 anni
992 612 1089 664 diebus

48 683 140 732 etiam
155 681 184 731 in
197 681 294 745 majori
310 681 490 746 hebdomada,
500 687 527 733 et
540 688 571 732 ut
584 686 695 748 possent
709 682 768 733 sibi'
777 683 877 747 eligere
891 683 1086 735 confessarium

47 753 128 803 inter
143 752 306 819 approbatos
322 753 356 804 ab
373 753 525 813 ordinario,
539 754 585 818 qui
600 768 646 806 eos
657 753 700 804 bis
715 754 742 804 in
756 753 811 804 vite
828 767 845 805 a
859 754 967 806 casibus
982 767 1087 806 summo

47 824 182 875 Pontifici
197 824 345 875 reservatis
359 825 520 876 absolveret.
538 825 598 875 Bul.
613 824 678 876 Pius
689 820 790 877 christi
809 824 930 888 fidelium
949 825 1087 878 Benedicti

46 896 131 946 xiv.
146 923 176 932 —
190 895 226 960 (3)
240 895 313 946 Trid.
330 909 397 947 sess.
412 895 453 946 lt.
468 909 491 946 c.
507 897 531 954 8,
550 895 584 948 de
599 896 647 948 ref¹
663 923 694 934 -
708 895 743 961 (t)
759 896 818 948 Eul.
835 895 1010 962 Quacumque
1023 895 1086 949 cle·

47 966 157 1018 mentis
172 966 412 1032 v111.·2(5)tur.
430 967 502 1018 Eccl.
517 968 591 1018 univ.
614 972 683 1032 part.
706 967 731 1030 2,
753 971 819 1018 sect.
834 969 859 1032 l,
876 970 895 1018 t.
913 967 941 1028 c,
958 981 985 1019 n.
1001 967 1041 1018 22.
1056 994 1088 1005 -

50 1039 88 1102 (6)
104 1037 159 1090 cit.
175 1037 234 1088 bul.
250 1037 423 1103 mecumque
435 1037 581 1090 clementis
595 1038 672 1089 Vlll.
686 1064 717 1075 -
730 1037 766 1102 (7)
783 1039 887 1090 Praeter
903 1037 1087 1090 confraterni-

49 1114 129 1160 tates
146 1109 229 1160 etiarn
249 1109 565 1161 Archioonlraternitates
582 1109 709 1173 existunt,
723 1122 785 1174 quas
805 1123 941 1161 asumma
957 1109 1086 1161 Pontidca

53 1179 248 1232 conceduntur
269 1179 351 1230 alicui
372 1180 468 1232 Ordini
491 1179 619 1245 regulari,
634 1183 681 1232 aut
695 1180 776 1232 alicui
791 1181 1009 1232 Confraternitati
1026 1193 1088 1232 cum

49 1253 118 1315 jnre
143 1251 212 1304 alias
229 1251 408 1302 constituendi
424 1251 682 1310 confraternitates,
697 1263 797 1316 easque
810 1251 919 1304 sibimet
935 1250 1087 1318 cooptandi,

52 1325 81 1373 et
93 1322 154 1372 illis
169 1335 220 1374 sua
234 1321 450 1373 communicandi
464 1322 615 1388 privilegia,
630 1321 821 1386 indulgentias,
842 1322 993 1381 facultates,
1016 1322 1088 1374 boue

56 1393 264 1458 spiritualia,ec
275 1392 431 1457 diplomata,
443 1406 504 1458 quae
514 1393 581 1456 ipsae
590 1392 666 1456 prius
675 1393 838 1444 obtinerunt.
849 1391 901 1446 Sed
914 1393 941 1444 in
952 1393 1089 1445 similibus

58 1463 314 1529 aggregationibus,
329 1464 557 1528 quemadmodum
572 1463 600 1514 in
620 1477 712 1514 esrum
731 1464 842 1529 regulis,
860 1464 977 1523 statutis,
996 1463 1088 1516 indul·

55 1536 170 1598 gentiis,
184 1539 211 1586 et
224 1534 375 1600 privilegiis
389 1535 559 1586 necessarius
573 1538 613 1585 est
637 1547 785 1586 consensus
796 1535 923 1601 Episcopi
940 1535 992 1586 loci
1007 1535 1090 1596 illius,

56 1607 84 1656 in
98 1619 155 1672 quo
170 1605 398 1664 confraternitas,-
412 1609 461 1656 aut
480 1604 774 1657 Arcbiconlrcternitas
793 1607 916 1671 erigitur,
931 1611 961 1657 ut
981 1606 1035 1657 illis
1049 1605 1089 1657 uti

56 1677 253 1742 possit.1tain
268 1677 376 1727 casibus
390 1676 518 1741 practicis
533 1675 690 1726 delinivitS.
702 1676 879 1742 congregatio
890 1677 1011 1736 concilii,
1021 1681 1091 1730 teste

58 1749 211 1800 Benedicto
225 1747 321 1810 XIV,'
314 1762 342 1798 ιιι
356 1747 421 1800 Inst.
435 1747 488 1807 105,
498 1762 525 1799 n.
541 1748 581 1800 89.
592 1747 958 1813 Ejuscfficialescrdinario
972 1748 1090 1801 rationes

59 1821 180 1874 reddere
196 1823 328 1872 tenentur.
343 1819 383 1870 Id.
399 1819 436 1871 ib.

97 2001 166 2058 sle.
187 2001 251 2058 tam
265 2013 339 2056 vero
353 1995 378 2056 si
391 1995 488 2073 egitur
501 1995 539 2056 de
554 1994 849 2056 confratemitatibus
861 2011 945 2056 mere
958 1997 1092 2058 eeclesia·

41 2109 46 2118 ¹
61 2086 160 2160 sticis,
178 2086 234 2156 bae,
246 2092 280 2146 ut
293 2084 428 2162 ipsaemet
442 2084 590 2156 Ecclesiae,
605 2083 738 2162 episcopi
749 2084 955 2158 moderationi,
966 2091 996 2146 et
1002 2086 1094 2163 juris·

62 2172 190 2235 dictioni
201 2175 233 2235 in
249 2173 388 2234 omnibus
403 2175 529 2234 subsunt
546 2193 552 2233 :
568 2190 638 2234 nam
652 2190 711 2246 res,
727 2175 776 2233 vel
789 2175 857 2233 loca
870 2181 939 2234 sunt
952 2175 1092 2236 ecclesia·

60 2264 148 2337 stica,
169 2269 203 2328 ,et
223 2281 241 2323 a
263 2263 341 2324 civili
363 2261 570 2338 jurisdictione
593 2269 744 2338 exempta,
765 2261 879 2322 etiamsi
896 2280 1034 2338 personae
1056 2264 1095 2324 ad

62 2352 328 2413 confraternitates
339 2350 486 2425 sintlaici,
501 2356 534 2411 ut
548 2349 686 2410 concedit
696 2353 880 2426 t'en-Espen,
893 2351 944 2427 qui
956 2351 1095 2413 similium
1190 2343 1193 2350 ’

62 2442 347 2502 confraternitatum
368 2442 541 2516 exemplum
559 2439 673 2516 praebet
695 2439 726 2498 in
748 2439 1040 2501 confraternitatibus
1063 2442 1095 2502 in

62 2529 207 2592 Ecclesiis
219 2529 447 2590 candicantium
462 2526 570 2588 erectis
585 2531 636 2599 (f).
650 2533 685 2588 at
699 2528 724 2587 si
738 2526 834 2604 agitur
847 2529 885 2588 de
899 2527 962 2589 aliis
974 2531 1096 2591 confra-

63 2618 254 2679 ternitatibus
273 2616 428 2678 uniformis
451 2634 511 2676 non
538 2621 583 2676 est
607 2617 863 2692 pragmaticorum
881 2618 1033 2680 doctrina:
1047 2617 1096 2680 alii

63 2708 147 2767 enim
161 2723 230 2766 cum
243 2711 334 2766 Basso
356 2710 396 2776 (u)
417 2705 556 2772 videntur
579 2703 761 2782 distinguere
776 2707 1037 2768 confraternitates
1049 2707 1096 2768 in-

64 2798 185 2858 stitutas
204 2796 242 2855 ad
260 2796 336 2854 flues
356 2793 535 2870 spirituales
558 2801 590 2854 et
613 2795 874 2869 confraternitates
896 2795 1045 2857 institutas
1058 2797 1098 2857 ad

63 2886 143 2945 fines
156 2885 345 2960 temporales,
370 2883 411 2942 ita
424 2890 456 2942 ut
474 2882 541 2956 illae,
557 2899 619 2942 nou
635 2883 692 2957 bae,
707 2884 746 2943 ad
761 2883 900 2944 Ecclesiae
916 2885 1095 2961 jurisdictio-

65 2991 138 3036 nem
152 2973 333 3049 pertinaaut3
350 2972 397 3032 alii
410 2988 484 3032 vero
499 2988 568 3032 curu
582 2973 713 3032 Barbosa
727 2975 767 3044 (3)
781 2972 920 3032 videntur
933 2973 1097 3050 distingue·

65 3081 100 3125 re
115 3064 194 3122 inter
206 3063 282 3135 loca,
300 3078 438 3136 corpora,
453 3061 543 3134 bona,
557 3065 587 3120 et
601 3077 745 3135 personas
758 3061 1046 3136 confraternitatum,
1056 3063 1097 3123 ita

67 3160 101 3212 ut
115 3151 173 3211 trie
190 3150 285 3226 prima
302 3151 340 3210 ad
354 3147 588 3210 ecclesiasticam
603 3151 796 3223 potestatem,
811 3155 841 3208 et
853 3148 990 3210 ultimum
1004 3151 1042 3210 ad
1056 3150 1097 3211 ci-

67 3243 159 3301 vilem
173 3246 296 3317 spectet.
318 3240 375 3299 Sed
397 3237 483 3297 nobis
503 3237 707 3296 recedendum
720 3253 782 3296 uon
796 3237 913 3297 videtur
926 3257 944 3298 a
957 3239 1098 3299 Theoriea

70 3331 156 3391 Card.
171 3334 213 3388 lte
227 3334 314 3401 Luca,
330 3328 382 3404 qui
394 3344 488 3404 egens
501 3327 538 3386 de
552 3325 786 3386 conservatoriis
798 3327 1037 3388 saecularibusex
1046 3345 1098 3389 ec-

70 3415 236 3480 clesiastica
250 3423 280 3477 et
292 3416 370 3477 civili
382 3421 530 3492 potestate
545 3414 672 3474 mistum
686 3413 717 3472 in
732 3419 794 3473 toto
808 3414 893 3489 pouit
910 3416 1053 3492 regimen,
1069 3423 1100 3478 et

72 3507 244 3568 distinctum
257 3504 287 3564 in
303 3512 404 3582 parte,
428 3504 468 3564 ita
488 3510 522 3563 ut
542 3521 609 3579 quae
632 3502 815 3578 Religionem
835 3510 961 3580 tangunt
980 3505 1018 3565 ab
1031 3505 1100 3582 Epi-

74 3613 179 3672 scopo,
193 3599 224 3654 et
241 3611 307 3670 quae
320 3596 360 3654 ad
380 3593 513 3671 regimen
536 3593 707 3670 temporale,
728 3597 759 3654 et
780 3594 1001 3656 oeconomicum
1023 3595 1104 3658 rele-

184 3691 207 3744 1.
801 3779 803 3784 Ι
945 3694 974 3749 15
