2490 4088
468 155 612 212 —69-

53 277 88 328 sia
99 276 235 342 religiones
248 277 376 346 cultores,
393 277 457 330 lieet
471 277 633 329 orthodoxos
653 291 751 343 magno
766 278 837 328 tastu
854 290 883 328 se
898 275 1054 342 appellent;

53 351 107 399 item
117 363 165 398 non
179 363 238 400 esse
252 348 407 407 catholicos.
423 353 449 399 et
462 363 540 400 veros
552 348 712 400 christianos
724 349 918 410 protestantes,
929 349 1053 414 quamvis

51 419 139 542 mla
147 421 333 542 ἓίἱῖἒῖοᾶθηῐ.
347 447 374 458 ·-
387 419 438 486 (13)
461 418 520 470 Bul.
542 418 608 473 Vicus
624 421 683 486 mus
702 419 825 486 Gregorii
842 419 929 482 XIII;
950 424 977 470 et
994 417 1052 471 hul.

76 678 114 732 62.
126 675 199 734 laici
213 675 373 735 orthodoxi
384 675 523 736 Ecclesiae
535 675 757 748 membrosunt‚
767 681 799 735 et
811 675 874 750 filii,
885 675 966 734 cives
980 679 1053 735 san·
1142 694 1146 703 ’

50 769 157 837 ciorum,
169 770 198 823 et
209 765 366 824 domestici
371 765 421 824 Dei
430 770 479 838 (t).
490 764 599 824 llincin
611 763 813 840 spiritualibus
820 770 958 824 tenentur
964 765 1055 826 omni·
1076 777 1078 784 ’

50 868 233 912 oecononum
247 853 364 913 statutis
378 854 602 928 obtemperare3
630 870 699 914 uam
720 860 871 930 nequeunt
889 853 963 925 legis
984 871 1051 929 spe-

50 957 101 1000 mre
113 943 246 1017 fructum,
257 943 312 1000 nisi
328 941 401 1017 legis
414 948 523 1001 statuta
532 945 711 1012 serventffi).
722 941 961 1018 sapientissimus
973 942 1053 1004 enim

52 1035 111 1088 heus
123 1031 217 1090 omnis
230 1031 386 1106 potestatis
407 1037 511 1090 auctor
530 1030 642 1105 duplex
656 1030 780 1090 instituit
793 1031 962 1107 imperium,
986 1030 1053 1106 Spi-

51 1120 134 1178 rituale
142 1125 171 1179 et
178 1121 352 1196 temporale,
364 1127 394 1179 et
403 1119 556 1194 utriusque
563 1118 842 1195 discrevitpropria‚
858 1124 889 1178 ut
898 1117 1053 1180 Christiani

52 1212 294 1285 lmperatorespro
313 1218 425 1268 aeterna
435 1208 496 1267 vita
507 1208 698 1267 Pontificibus
711 1207 886 1284 indigerent,
902 1214 936 1290 et
952 1207 1052 1267 Ponti-

52 1296 108 1355 fices
119 1314 170 1372 pro
184 1313 275 1356 orrrsu
289 1296 495 1372 temporalium
509 1296 716 1356 tantummodo
731 1313 833 1356 rerum
847 1296 877 1356 in
890 1313 996 1356 eorum
1007 1295 1052 1354 di-

53 1385 159 1444 tionibus
172 1402 279 1445 eorum
299 1385 386 1460 justis
409 1385 524 1460 legibus
537 1390 693 1444 uterentur
708 1388 758 1457 (3).
776 1385 942 1445 concordat
955 1389 1053 1460 lmpe-

52 1476 138 1534 uteris
155 1473 309 1534 iustiniani
323 1474 469 1533 sententia
486 1493 492 1532 ;
508 1473 641 1532 Maaima
652 1473 779 1548 quidem,
794 1473 898 1549 inquit,
913 1474 947 1532 iu
960 1474 1053 1532 omui·

51 1562 90 1622 lm
102 1570 167 1624 aaut
179 1563 259 1622 douo
279 1563 332 1620 Dei
345 1580 364 1621 a
378 1579 508 1637 semerom
525 1561 632 1620 collata
650 1561 814 1631 clementia,
834 1561 1049 1631 Sacerdotium,

52 1659 70 1713 et
80 1653 243 1728 Imperium.
260 1651 342 1710 Illud
357 1651 474 1726 quidem
486 1651 593 1708 diuinis
607 1650 804 1723 ministrarem
819 1651 872 1711 hoo
886 1659 987 1711 autem
1002 1652 1054 1710 hu·

51 1742 131 1798 marris
150 1740 320 1815 praesidem,
339 1756 372 1798 aa
395 1739 580 1814 dilipcmiam
601 1738 755 1812 cohibeam
779 1756 815 1798 aa
826 1756 886 1799 uuo
900 1741 1054 1816 eodemque

50 1829 171 1904 principio
192 1836 318 1904 utroquo
339 1827 524 1904 procedentia
542 1827 712 1894 humanam
728 1837 874 1888 eaoruaot
895 1830 987 1888 vitam
1004 1833 1051 1900 tl).

51 1921 188 1992 Propterea
216 1933 321 1976 omnes
346 1915 452 1976 Christi
479 1916 583 1979 fideles
612 1914 640 1978 in
670 1915 775 1975 divinis
798 1923 827 1976 et
853 1917 1054 1993 spiritualibus

51 2005 155 2080 subjecti
178 2013 248 2063 suut
262 2009 383 2064 Summo
403 2004 542 2063 Ecclesiae
558 2002 734 2076 hierarchae,
751 2011 781 2063 et
799 2005 913 2065 vicario
929 2005 1051 2079 Christi;

51 2094 105 2152 dum
121 2095 150 2152 in
167 2109 250 2152 mere
273 2092 486 2168 temporalibus
510 2098 540 2151 et
565 2090 695 2166 prolenis
715 2091 826 2152 subditi
846 2100 916 2152 sunt
930 2093 1053 2169 proprio

51 2183 194 2256 respective
203 2181 341 2256 Principi.
356 2181 478 2256 Utrique
489 2197 561 2254 ergo
577 2179 686 2239 dehent
699 2179 799 2254 fidem,
817 2187 846 2240 et
855 2181 1055 2242 obedientiam

51 2286 148 2330 souare
159 2271 247 2346 juxta
266 2270 370 2329 Christi
391 2276 576 2344 praeceptum
593 2286 599 2325 :
619 2268 735 2326 Reddite
755 2286 818 2344 pua
838 2278 910 2329 suut
931 2270 1054 2330 Caesarii

52 2358 148 2431 deseri,
171 2365 197 2416 et
216 2375 279 2433 quae
298 2366 369 2416 suut
388 2358 441 2416 Dei
454 2358 512 2416 Deo
528 2361 577 2428 (ὅ).
600 2361 658 2416 Pro
677 2358 762 2432 cujus
776 2357 898 2432 quidem
912 2359 1055 2434 praecepti

51 2447 205 2506 executione
218 2447 283 2521 ipse
298 2451 376 2505 Deus
390 2445 522 2524 gladium
536 2446 731 2520 temporalem
745 2447 896 2506 concessit
914 2446 1051 2522 principi,

51 2550 96 2608 quo
108 2537 216 2594 honum
231 2537 394 2610 temporale
409 2533 558 2594 societatis
572 2534 736 2594 defendens
745 2541 847 2611 posset
858 2535 1053 2611 corporaliter

50 2623 197 2692 pariorum
219 2619 377 2682 crimin'um
398 2639 467 2681 reos
486 2621 643 2693 occidere3
665 2627 695 2681 et
709 2622 893 2698 spiritualem
906 2623 1053 2685 concessit

51 2711 170 2784 Pontifici,
184 2729 243 2786 quo
257 2717 404 2770 aeternum
418 2709 524 2769 animae
542 2710 656 2770 honum
679 2711 852 2785 defendens,
873 2719 975 2787 posset
997 2712 1053 2788 spi-

51 2797 170 2860 ritualiter
181 2799 352 2876 grariorum
367 2797 528 2857 criminum
541 2814 610 2856 reos
622 2814 740 2874 necare,
761 2799 821 2860 hoc
842 2806 888 2860 est
905 2817 960 2877 per
980 2817 1051 2860 ana·

53 2884 158 2948 lhemaa
172 2893 200 2950 S.
213 2887 353 2948 Ecclesiae
366 2887 477 2946 unione
490 2885 640 2946 divellere.

74 3041 101 3106 (l)
111 3045 139 3095 l).
154 3045 255 3096 Paulus
269 3044 304 3096 ad
317 3045 418 3110 Ephes.
433 3057 456 3095 c.
475 3045 500 3095 t.
518 3071 545 3080 —
565 3045 603 3107 (i)
616 3043 695 3107 Quod
710 3044 854 3098 dicendum
869 3045 1004 3098 astutiam
1021 3045 1054 3098 de

51 3110 83 3170 iis,
93 3117 131 3180 qui
141 3116 167 3166 in
180 3115 464 3181 altissimo'dignitatis
478 3115 565 3178 gradu
577 3115 701 3166 collocati
716 3120 792 3180 sunt,
807 3117 840 3168 de
854 3117 988 3184 supremis
998 3131 1056 3168 ma·

50 3184 182 3246 gistratibus
203 3189 230 3238 et
246 3188 367 3250 regibus.
388 3187 467 3237 Unde
483 3186 610 3237 Gelasius
624 3187 700 3251 Papa
721 3187 755 3238 ad
778 3189 951 3239 Anastasium
968 3189 1054 3255 impe·

51 3261 144 3308 retorem
157 3259 292 3310 scribebat
308 3279 313 3307 ι
331 3256 414 3310 Tanto
437 3256 548 3322 pravius
565 3261 602 3310 est
626 3256 730 3321 pendae
752 3258 930 3320 sacerdotum,
948 3262 1049 3325 quauta

51 3326 114 3380 etho
127 3344 173 3396 pro
188 3331 255 3394 ipris
268 3329 372 3392 meiius
390 3329 421 3380 in
431 3327 523 3380 diuino
536 3332 598 3381 suut
613 3328 752 3382 reddituri
769 3330 893 3382 eramiae
909 3330 1052 3385 rationem.
1118 3351 1125 3364 ·

51 3395 139 3451 ltalihi
160 3401 327 3453 rationaliter
348 3401 387 3450 ita
401 3400 577 3450 declaratur:
606 3394 638 3451 Si
661 3399 816 3464 Imperator
837 3400 979 3454 catholicus
1005 3405 1053 3466 est,

50 3465 103 3527 illios
116 3476 157 3534 eet,
170 3485 224 3525 uon
237 3471 334 3534 praeut
349 3469 476 3523 Ecclesiae.
494 3469 569 3536 Quod
579 3469 617 3522 ad
633 3471 791 3536 relipiouem
804 3472 939 3538 competit,
952 3473 1052 3526 disoere

51 3536 194 3612 imperti,
218 3555 274 3596 noo
300 3541 421 3597 docere...
445 3540 515 3594 aeas
531 3537 606 3596 enim
628 3542 722 3606 uoluit,
744 3543 842 3602 saculi,
859 3548 1009 3614 potestates,
1028 3544 1053 3601 ri
