2546 4082
560 159 721 218 ..300-

128 281 162 341 iu
178 287 266 358 porte
282 282 334 353 (t).
349 279 465 340 idcirco
490 278 631 340 dividitur
656 279 839 354 in·tetslem,
853 286 883 340 et
895 281 1058 356 partialem,
1071 281 1137 340 etin

128 368 355 445 suspensionem
379 369 417 428 nb
430 367 540 443 officio,
562 367 750 444 chenedcio,
769 386 806 429 ee
830 368 918 429 simul
931 369 969 429 eh
985 370 1089 443 officio,
1111 376 1140 430 et

129 455 276 518 beneflcio
289 460 340 530 (Ω).
360 462 422 518 Une
444 463 544 518 umen
568 458 742 534 regulariter
764 457 803 518 ed
825 458 913 518 eliam
931 475 991 519 nou
1014 456 1141 518 extendi-

127 551 177 606 tur
190 549 245 618 (3);
261 546 314 606 sed
324 545 349 606 si
361 546 428 623 quis
440 546 610 622 simpliciter
623 547 819 606 denuncietur
832 563 1005 622 suspensus,
1015 565 1054 608 ex
1065 563 1142 606 eom-

126 633 211 694 muni
223 639 386 696 Doctorum
405 634 551 696 sententie
570 635 703 696 onmium
720 650 844 695 sucrum
861 632 1045 697 luncdonum
1062 653 1144 697 exer·

128 721 197 784 citio
209 723 352 802 privetur,
367 730 397 784 et
410 724 565 800 suspensio
575 724 724 801 iudicatur
737 724 835 784 totalis
848 728 900 796 (l).

159 863 195 928 (l)
210 863 367 930 Suspensio,
382 863 415 915 de
429 875 482 929 que
495 861 539 914 hio
552 863 667 928 egimus,
677 863 759 916 efficit
769 868 873 917 tuntum
885 863 1012 925 Clericus,
1026 876 1059 914 ec
1071 875 1147 928 regu·

129 933 224 987 leritsr
237 935 265 985 in
278 935 421 986 ordinibus
433 934 518 986 sacris
530 935 702 995 constitutum
714 949 767 987 non
781 949 844 988 vero
859 935 950 1000 Iolcos,
964 949 996 985 sc
1009 935 1149 995 moniales,

130 1011 177 1057 eut
186 1005 347 1070 Religiosos,
361 1006 407 1072 qui
421 1005 497 1057 nullo
510 1006 605 1057 ordine
620 1007 718 1058 initiati
731 1013 802 1066 sunt,
817 1007 882 1072 quis
894 1005 922 1056 ui
931 1005 1036 1056 nullem
1050 1004 1151 1056 hubent

130 1080 290 1144 potestatem
303 1077 415 1135 ordinis,
429 1076 486 1128 sive
496 1076 702 1141 jurisdictionis,
719 1082 747 1128 et
760 1077 884 1136 officium,
899 1077 971 1142 quod
985 1078 1093 1141 gerunt,
1104 1089 1150 1139 po·

131 1147 185 1198 tius
194 1148 446 1208 oeconomicnmest,
456 1159 538 1210 quum
551 1147 769 1199 ecclesiasticum.
781 1147 862 1200 Unde
870 1161 921 1198 nec
934 1147 1092 1210 Ahuetisse,
1102 1159 1151 1196 nec

130 1218 266 1270 Priorisse
281 1232 373 1270 rerem
395 1220 509 1284 possunt
530 1218 586 1282 peti
609 1219 821 1282 suspensionem.
841 1245 872 1256 —
892 1219 927 1284 (t)
950 1217 1098 1284 Suspensio
1117 1217 1150 1267 eb

131 1289 217 1341 officio
231 1290 320 1356 privet
328 1289 462 1341 clericum
471 1289 544 1339 omui
554 1293 616 1340 netu
624 1290 831 1354 jurisdictionis:
843 1290 982 1356 suspensio
993 1303 1009 1340 e
1020 1288 1151 1340 beneficio

133 1374 195 1412 eum
209 1363 298 1426 privet
308 1363 372 1426 jure
385 1357 552 1426 percipiendi
566 1360 690 1412 beneficii
706 1362 750 1412 sui
768 1361 898 1412 redditus.
912 1361 945 1412 In
964 1374 1041 1411 more
1061 1364 1151 1411 temen

133 1437 184 1490 est,
199 1436 229 1482 ut
243 1433 397 1496 frequenter
410 1431 572 1490 nominetur,
586 1433 613 1482 ct
626 1431 763 1496 infligetur
775 1433 916 1498 suspensio
930 1446 947 1482 s
962 1431 1081 1482 divinist
1094 1431 1151 1480 haec

134 1507 224 1554 eutem
238 1503 328 1568 privet
343 1502 475 1553 Clerieum
486 1501 541 1552 illis
555 1503 669 1560 cetibus,
683 1503 730 1568 qui
744 1504 769 1554 ei
786 1507 942 1568 competunt
955 1503 982 1553 in
998 1502 1097 1552 divinis
1107 1503 1150 1552 ets

132 1573 228 1624 eundis
244 1572 344 1624 officiis.
357 1597 386 1610 -
398 1573 433 1636 (3)
447 1571 525 1622 Retio
535 1577 584 1630 cst,
595 1574 659 1638 quie
672 1573 700 1623 in
710 1573 864 1638 poenelibus
874 1574 966 1624 stricte
978 1573 1008 1623 tit
1019 1573 1148 1640 iuterpre-

133 1645 206 1696 tetio.
218 1644 285 1696 Cum
299 1645 371 1696 enirn
381 1643 571 1707 suspensiones
586 1643 721 1695 distinctae
735 1648 929 1710 proponuntur,
943 1648 1058 1708 possunt
1071 1655 1148 1707 sepc-

131 1716 211 1766 ratim
224 1716 380 1774 subsistere,
395 1715 574 1765 etuneslisrn
588 1723 641 1766 uon
655 1715 906 1766 includitUlterius
919 1715 971 1778 lise
980 1715 1009 1765 iu
1020 1729 1050 1766 re
1058 1715 1150 1765 Doctu-

133 1801 176 1838 res
190 1787 366 1838 communiter
380 1785 500 1844 trudunt,
512 1787 655 1837 verborum
669 1793 778 1837 sensum
792 1792 917 1838 socuretc
930 1785 1148 1850 perpendendum

134 1871 204 1919 esse,
219 1863 249 1910 ut
258 1863 419 1922 agnoscetur
431 1861 532 1922 quante
541 1858 577 1908 sit
590 1857 741 1924 suspensio,
754 1861 780 1908 et
794 1863 868 1908 iente
877 1859 937 1916 erit,
949 1864 1050 1922 quente
1059 1856 1146 1914 volita,

133 1936 160 1982 et
171 1929 303 1992 explicate
317 1928 405 1980 luerit.
420 1954 451 1964 -
465 1927 500 1991 (l)
514 1928 571 1979 Hoc
580 1942 613 1979 en
627 1928 730 1980 ratione
742 1929 918 1979 communiter
931 1929 1073 1986 retinetur,
1088 1927 1148 1992 quie

134 1999 157 2051 si
172 1999 262 2051 tutelis
279 2013 333 2050 uon
348 2002 497 2056 essetnec
512 2003 662 2064 eppureret,
679 2011 712 2057 er
725 2012 778 2064 que
792 2004 869 2064 parte
883 2000 952 2050 forst
970 1997 1146 2060 observande,

133 2085 168 2122 en
185 2084 217 2121 er
230 2073 307 2136 perte
325 2068 413 2128 officii,
428 2068 471 2120 vel
484 2069 617 2120 beneficii.
632 2069 712 2128 Hine,
727 2073 758 2120 ut
774 2069 801 2119 in
816 2070 1090 2120 excommunicatione
1103 2082 1145 2133 ge-

132 2142 247 2192 neratim
261 2143 324 2200 luta,
338 2139 487 2192 secundum
509 2153 590 2206 supre
608 2141 739 2206 expositu,
758 2140 917 2204 intelligitur
930 2141 964 2192 de
977 2141 1083 2206 majori,
1097 2153 1146 2190 non

132 2213 167 2264 de
180 2213 277 2262 minori
291 2212 581 2272 excommunication03
596 2213 635 2263 sic
649 2213 676 2262 in
691 2213 867 2278 suspensione
880 2213 1029 2278 generatim
1050 2212 1146 2264 inflictu

131 2283 166 2336 de
177 2283 253 2336 totali
267 2283 435 2349 intelligitur,
450 2281 550 2334 nonde
564 2283 680 2350 pertieli.

166 2476 576 2554 illisuspensiosicdeflnita
593 2493 655 2537 non
668 2475 893 2552 comprehendit
913 2477 1145 2553 suspensionem,

130 2584 197 2642 quae
211 2567 391 2641 decernitur,
405 2573 438 2626 ut
451 2583 542 2643 poene
559 2565 657 2626 delicti
671 2569 712 2638 (l)
728 2585 735 2626 :
750 2581 821 2625 nem
834 2565 903 2625 licet
916 2573 1043 2642 utraque
1062 2583 1147 2644 poene

127 2656 175 2730 sit,
187 2653 391 2732 clericumque
404 2672 525 2715 suerum
541 2655 726 2714 functionum
743 2653 885 2714 exercitio
904 2653 1001 2730 privet
1022 2655 1053 2714 in
1077 2663 1146 2723 toto,

127 2748 176 2806 vel
197 2745 229 2803 in
250 2751 356 2820 parte:
377 2750 507 2804 ettamen
530 2743 578 2803 ille
603 2750 649 2804 est
672 2761 764 2820 poene
784 2742 982 2818 medicinalis3
1002 2745 1068 2804 haec
1082 2761 1147 2804 vero

130 2833 309 2894 vindicetiva
330 2833 401 2894 :ille
425 2833 511 2893 datur
537 2832 575 2892 ed
603 2839 720 2908 tempus
744 2833 1013 2907 indeterminatum,
1043 2833 1148 2893 scilicet

131 2940 287 2999 quousque
300 2923 388 2982 duret
401 2921 597 2998 delinquentis
606 2921 808 2994 contumacis,
819 2921 884 2980 heec
898 2939 969 2981 vero
983 2923 1022 2981 ed
1037 2929 1148 2998 tempus

128 3011 368 3084 determinatum,
393 3011 440 3070 vel
462 3010 551 3070 etism
567 3011 598 3069 in
620 3018 797 3087 perpetuum
809 3013 895 3086 juxte
914 3011 1014 3071 delleti
1033 3029 1147 3071 mensu-

122 3117 191 3160 ram
205 3102 212 3159 Ξ
228 3099 277 3159 ille
291 3099 415 3175 requirit
428 3100 569 3175 praeviam
583 3098 786 3172 monitionem,
809 3099 872 3160 sine
891 3118 950 3176 que
966 3102 1146 3161 contumacis

126 3206 188 3247 non
202 3187 364 3260 inducitur,
378 3188 444 3248 liaeo
458 3205 529 3247 vero
552 3189 663 3247 nullum
677 3187 802 3264 requirit
814 3187 1018 3262 monitionem,
1036 3191 1091 3250 sed
1104 3207 1145 3248 so·

124 3279 188 3336 lum
202 3293 301 3337 cause>
324 3277 534 3352 cognitionem,
550 3294 619 3336 cum
634 3276 774 3338 delictum
791 3277 853 3352 jem
876 3279 1070 3338 commissum
1084 3295 1144 3355 per·

125 3373 291 3441 sequetur:
318 3365 366 3424 ille
393 3367 520 3442 denique
542 3383 595 3443 per
622 3367 837 3426 absolutionem
855 3366 981 3440 tollitur;
997 3367 1063 3427 haee
1081 3384 1145 3427 vero

127 3471 181 3528 per
195 3454 456 3530 dispensationem,
472 3463 502 3531 et
515 3456 604 3516 etiem
616 3455 681 3531 ipso
704 3457 782 3516 fecto
797 3462 865 3532 post
882 3457 999 3533 lapsum
1014 3457 1145 3517 determi-

125 3543 185 3602 nati
201 3542 341 3618 temporis
348 3548 400 3615 lt).
409 3545 611 3620 lrregulsrites
625 3551 724 3606 temen
738 3546 831 3606 oritur
844 3552 932 3606 teme
945 3546 1142 3622 suspensione,
