2546 4082
468 249 571 306 -tet
594 277 625 290 -

38 378 73 431 ut
82 387 227 445 censura,
246 385 367 446 quante
382 369 587 446 suspensione,
602 374 636 430 ut
647 385 738 446 poene
751 373 802 446 (tp,
818 375 848 431 et
860 371 920 432 hoc
932 369 1067 448 procedit

37 460 134 521 etiam
147 460 178 520 in
192 475 273 533 casu,
290 475 350 535 quo
365 457 521 534 suspensio
535 458 574 518 sit
587 460 713 520 occulta.

70 624 109 688 (l)
125 623 203 686 Quod
217 622 358 688 suspensio
372 636 426 674 non
441 636 548 688 semper
561 622 596 675 sit
608 636 733 686 censura,
746 622 794 675 sed
806 623 939 676 interdum
952 638 1034 690 poens
1050 637 1067 676 a

37 709 159 746 censure
172 695 299 745 distincte
313 697 387 759 patet
401 708 435 744 ex
448 708 507 758 cap.
523 693 548 752 7,
572 695 585 758 ξ
606 696 629 754 3,
644 694 678 746 de
691 693 778 753 elect,
794 695 842 745 ubi
856 695 1010 747 Alexander
1023 696 1066 746 111

37 767 176 831 eligentes
192 766 332 830 indignum
351 765 386 817 ed
407 765 568 816 beuellcium
590 779 640 830 per
660 765 808 817 triennium
824 779 841 816 a
856 765 912 816 suls
926 765 1066 818 beneficiis

37 838 164 888 declarat
178 849 334 901 suspensos,
354 841 381 887 et
395 850 427 888 ex
438 849 496 900 cap.
518 836 538 894 l,
553 837 586 888 de
602 840 670 888 sent.
684 850 784 889 excom.
799 837 827 886 in
840 835 865 895 6,
876 837 924 887 ubi
933 837 1065 889 Innocen-

37 909 95 958 tius
111 908 152 959 lv
166 908 343 973 suspensione
358 920 407 972 per
420 921 541 958 mensem
555 908 590 960 ab
613 908 738 970 ingressu
752 908 780 958 in
795 907 942 960 Ecclesiam
956 907 1067 959 damnat

35 978 171 1044 judicem,
186 979 233 1042 qul
247 991 375 1029 censuras
386 978 467 1028 insert
481 976 583 1042 absque
594 979 736 1044 scriptura,
750 991 811 1043 quae
821 992 929 1030 eausam
944 991 1067 1030 censure

38 1049 187 1113 contineat,
204 1051 231 1100 ct
245 1049 397 1114 exemplum
412 1049 554 1099 sententiae
568 1061 613 1098 reo
627 1049 728 1113 petenti
747 1063 801 1100 non
821 1050 912 1100 trudit.
932 1049 982 1100 fle
1004 1063 1066 1101 sus·

36 1121 194 1184 pensiones,
214 1127 244 1170 ut
260 1125 343 1184 patet,
364 1124 429 1172 sunt
450 1132 538 1184 poenae
560 1119 743 1183 vindicativae,
757 1133 812 1171 non
834 1121 1019 1172 medicinales.
1036 1147 1065 1158 -
1120 1120 1125 1132 ’

38 1191 74 1255 (tt
91 1191 121 1243 S.
138 1191 313 1256 Gangregatlo
338 1189 451 1242 Consilii
470 1191 520 1241 sub
536 1190 579 1242 die
603 1191 618 1242 'l
638 1191 703 1242 maii
723 1191 794 1253 1832,
817 1191 948 1255 delinivit,
967 1191 1066 1243 delicta

39 1269 135 1314 contre
149 1275 238 1314 mores
258 1263 442 1328 quinquennio
461 1262 613 1328 prescribi.
634 1270 660 1312 et
681 1263 709 1313 in
728 1276 793 1314 casu
816 1263 956 1327 proposito
970 1262 1069 1327 rejecit

38 1333 199 1384 instantiam
213 1337 314 1396 sparte
329 1333 394 1384 laese
408 1333 507 1383 lectam
523 1333 608 1383 solnm
622 1337 682 1400 post
698 1335 894 1398 septenniuma
908 1334 951 1384 die
966 1333 1065 1386 delicti.

39 1406 121 1455 Anel.
139 1405 198 1456 Jur.
211 1405 287 1455 Pont.
303 1417 355 1455 ser.
370 1406 393 1467 8,
408 1417 469 1468 pag.
479 1404 533 1454 liti.
550 1431 580 1442 -
594 1404 629 1469 (³)
644 1406 706 1470 Cap.
724 1407 748 1464 l,
764 1404 797 1457 de
811 1407 878 1458 sent.
891 1419 992 1458 excom.
1004 1403 1032 1456 in
1041 1406 1065 1467 6,

41 1479 67 1525 ct
81 1488 143 1541 cap.
156 1476 167 1525 1
185 1474 218 1526 de
233 1477 301 1526 sent.
313 1478 341 1527 et
353 1487 383 1525 re
391 1474 451 1539 jnd.
462 1474 491 1524 in
500 1474 523 1525 6.
875 1518 877 1522 ,

483 1593 531 1658 tt„
620 1637 624 1644 .

74 1681 141 1737 ton.
158 1678 286 1737 Effectus
306 1652 521 1753 suspensionis*
528 1682 583 1750 est,
599 1676 718 1752 privare
732 1677 877 1738 clericum
890 1677 1068 1738 determina·
1159 1721 1162 1728 -

41 1767 77 1826 tis
91 1766 209 1827 actibus
222 1765 322 1840 officii,
345 1772 375 1824 et
388 1765 527 1850 beneficii
541 1765 587 1824 sui
598 1765 684 1841 juxta
699 1765 901 1841 suspensionis
921 1773 1067 1841 naturam,

41 1862 69 1914 et
82 1855 299 1915 extensionem.
317 1854 374 1914 Sed
387 1849 451 1916 hac‘
463 1844 494 1912 in
516 1871 550 1914 re
561 1853 764 1929 interpretatio
778 1854 843 1914 lieri
861 1855 951 1914 dehet
967 1855 1068 1914 restri-

43 1943 130 2018 ctive,
149 1943 219 2020 quie
237 1942 268 2001 in
281 1942 392 2002 odiosis
413 1959 577 2016 versamur,
596 1959 662 2018 quae
680 1949 748 2001 sunt
764 1943 979 2018 restringenda.
993 1949 1071 2004 Prae·

42 2037 123 2092 terea
138 2047 302 2107 suspensus
316 2032 353 2090 ab
368 2031 466 2090 officio
481 2047 542 2089 non
557 2038 657 2107 potest
678 2029 786 2106 eligere
801 2031 891 2090 alium
913 2031 951 2090 ed
965 2032 1070 2107 praela·

42 2125 152 2196 turam,
177 2137 273 2196 neque
288 2120 365 2195 eligi,
391 2135 487 2194 neque
503 2136 599 2194 capax
619 2125 664 2178 est
683 2119 721 2178 ad
738 2119 916 2179 beneficium
933 2118 1070 2180 obtinen-

44 2207 114 2268 dum
129 2211 187 2281 (t),
204 2215 234 2267 et
252 2224 414 2282 suspensus
435 2206 622 2280 ehenelicio,
646 2207 845 2282 quamtumvis
863 2207 1019 2282 suspensio
1034 2206 1071 2266 sit

45 2299 176 2372 occulta,
192 2297 329 2356 omnibus
343 2296 408 2372 ejus
425 2296 579 2369 fructibus,
595 2302 624 2355 et
638 2295 815 2371 quotidianis
829 2296 916 2356 etiem
931 2295 1071 2355 distribu-

47 2383 177 2445 tionibus
190 2384 231 2447 ite
245 2384 387 2461 privatur,
401 2390 435 2442 ut
452 2401 503 2444 ees
515 2383 594 2444 licite
619 2384 775 2460 percipere
800 2390 938 2460 nequeat,
964 2400 1068 2459 perce-

44 2480 174 2552 ptosque
187 2482 257 2534 ante
271 2472 505 2548 omnemjudieis
517 2473 694 2535 sententiam
706 2472 862 2533 restituere
876 2476 1068 2546 teneaturffl).

74 2647 108 2712 (ll
131 2649 196 2711 Cap.
217 2647 279 2699 ide
294 2647 412 2698 consuet.
430 2673 462 2683 -
485 2643 518 2710 (i)
532 2645 575 2696 lte
590 2645 669 2699 docet
683 2646 819 2710 Zallinger
832 2646 866 2696 ad
884 2646 925 2697 tit.
946 2644 980 2698 de
998 2647 1068 2698 sent.

46 2729 149 2770 excom.
165 2719 245 2782 3203.
261 2719 327 2769 Haec
347 2718 483 2768 lnietuum
501 2717 616 2782 privatio
639 2719 741 2783 absque
761 2717 918 2768 limitatione
934 2717 1066 2782 precedit,

47 2791 155 2851 quondo
170 2790 310 2854 suspensio
325 2789 413 2848 datur,
433 2792 463 2839 ut
479 2802 609 2851 censura;
623 2802 685 2840 nem
702 2789 809 2854 qnando
823 2789 911 2850 detur,
928 2796 959 2840 ut
977 2801 1067 2854 poena,

47 2871 195 2927 suspensus
208 2875 268 2912 cum
279 2861 407 2926 Episcopi
421 2874 534 2912 assensu
546 2864 635 2924 potest
644 2875 677 2911 ex
691 2859 824 2912 beneflcio
839 2865 876 2911 tot
893 2860 944 2910 sibl
964 2859 1066 2910 adseri·

46 2929 109 2983 bere
125 2935 239 2991 tructus,
255 2937 320 2997 quot
334 2935 396 2982 sunt
409 2933 556 2983 necessarii
570 2932 603 2982 ad
618 2945 694 2982 suem
709 2931 938 2994 sustentationem,
949 2931 974 2982 si
989 2930 1068 2982 aliter

48 3012 98 3052 non
112 3003 223 3066 hahent,
237 3002 309 3053 unde
323 3005 404 3053 vivet.
423 3003 503 3053 Ratio
517 3006 566 3062 ast,
581 3005 645 3067 quie
661 3015 818 3067 suspensus.
832 3002 880 3053 uhi
893 3003 967 3065 velit,
978 3005 1067 3067 potest

48 3083 74 3122 se
90 3089 107 3124 a
124 3087 241 3126 censura
254 3073 537 3125 liberere-desistendo
552 3087 568 3123 o
581 3073 756 3131 contumacia,
770 3087 824 3124 non
835 3074 872 3124 lta
882 3087 994 3138 apoena,
1007 3085 1069 3136 quae

49 3141 127 3195 detur
141 3144 176 3196 ed
186 3145 391 3196 determinatum
410 3149 524 3208 tempus.
535 3146 661 3195 Attamen
673 3157 842 3209 quocumque
858 3145 936 3195 modo
951 3157 1067 3208 suspen·

50 3225 93 3264 sus
103 3214 237 3266 fructibus
248 3215 374 3278 privetur,
386 3220 446 3280 post
456 3215 656 3278 absolutionem,
666 3214 950 3280 veldispensutionem
960 3215 1069 3265 eosdem
1165 3273 1168 3280 Ι

49 3296 99 3335 non
111 3292 262 3353 recuperat,
279 3299 328 3336 nec
343 3299 389 3336 eos
405 3291 493 3351 potest
511 3287 600 3338 lacere
617 3300 690 3348 suos,
700 3286 754 3336 nisi
768 3300 801 3337 ex
819 3287 917 3336 summi
931 3285 1068 3337 pontificis

51 3353 225 3420 indulgentia.
238 3357 351 3407 Gravius
367 3362 456 3407 tomen
469 3363 561 3408 contre
574 3371 718 3422 suspensos
733 3357 842 3422 procedi
857 3361 953 3422 potest,
969 3359 992 3408 sl
1006 3369 1068 3408 sus·

50 3429 205 3485 pensionem
226 3427 343 3486 violent,
362 3433 388 3478 et
405 3429 588 3479 functionibus
608 3428 759 3480 interdictis
778 3443 807 3480 se
827 3429 950 3492 ingerere
963 3441 1067 3492 prensu-

46 3504 138 3551 mant:
154 3504 268 3563 possunt
281 3499 508 3574 enimxbenetieiis
528 3499 638 3564 privari.
654 3504 681 3551 et
696 3499 803 3563 deponi.
816 3499 880 3564 Cep.
894 3500 922 3550 13
937 3499 1070 3552 devitet

51 3562 152 3622 honest.
163 3571 227 3624 cler.
240 3573 266 3622 et
276 3584 333 3636 cep.
353 3569 373 3629 l,
386 3569 398 3633 t
412 3569 462 3622 ult.
477 3569 511 3622 de
525 3570 605 3623 elect.
616 3571 645 3622 in
661 3572 684 3622 o.
696 3571 841 3636 Zalllnger.
859 3571 908 3631 loc,
923 3571 968 3622 cit.
