2566 4102
517 299 687 344 ..Hx-

137 418 279 476 Paormsro
291 409 537 474 aduentante
550 406 733 472 acanonicis
743 406 924 472 cathedralia
937 410 1008 484 1823
1025 421 1111 484 apa·

109 503 193 564 rochis
204 506 267 577 209,
283 507 312 562 5.

135 596 285 652 Pronnaea
296 588 411 650 neonis
419 585 501 661 (vite
512 585 657 662 meto.)

133 685 307 740 horoetno
324 694 422 739 eausae
435 682 498 738 771.

133 774 315 832 Prcrrntarns
338 765 485 845 generatis
504 767 574 840 1053
595 782 635 826 an
652 765 740 828 detur
759 762 919 843 appellatio
933 762 973 824 ah
991 761 1058 842 ipso
1078 760 1117 822 ad

103 859 268 936 episcopum
279 858 330 931 ila,
345 861 377 930 33
395 872 456 916 non
470 862 570 932 potest
582 855 691 932 exequi
704 853 850 930 rescripta
862 856 892 916 S.
907 851 992 916 Sedis
1001 851 1116 914 vicario

102 947 224 1025 generali
238 947 355 1008 directa
367 946 407 1008 ti.

132 1033 551 1112 Pmmtsquandondreniat
565 1037 629 1096 398.
655 1103 658 1110 ,

132 1129 326 1188 Pmmrronrs
337 1142 356 1184 a
368 1139 429 1202 quo
442 1121 642 1185 constituendi
655 1126 726 1184 sunt
737 1125 801 1184 186.
815 1125 1020 1192 loramentum
1040 1136 1118 1199 pra-

132 1307 273 1364 Porcina
290 1300 421 1378 vulgaris
433 1299 691 1378 reproiatur2813
707 1299 859 1377 quomodo
876 1319 895 1362 a
911 1303 1044 1378 protanis
1064 1307 1118 1368 de·

103 1398 144 1451 ret
153 1391 203 1465 ib„
213 1396 227 1451 1
238 1398 266 1452 ct
279 1393 344 1464 818,
360 1394 387 1448 1.
397 1389 537 1465 Purgatio
551 1389 696 1450 canonica
708 1387 943 1466 quandohabeat
956 1393 1057 1456 iocum
1065 1395 1117 1470 tir

105 1477 385 1556 eemsspecialeain
398 1479 506 1556 quibus
517 1477 681 1556 admittitur
688 1480 740 1552 ila,
755 1483 788 1552 ὃς
798 1481 950 1556 quomodo
962 1482 1073 1559 flate„
1085 1488 1119 1561 1;

106 1569 162 1646 eius
180 1569 306 1630 effectus
322 1569 372 1641 ia,
394 1571 425 1641 63
450 1584 488 1628 an
511 1566 671 1644 episcopus
691 1568 773 1630 hunc
789 1571 974 1646 procedendi
994 1573 1119 1638 modum

107 1657 278 1720 etiamnunc
291 1673 413 1720 serrare
423 1656 581 1734 poenitio..
597 1660 623 1718 7.

136 2055 316 2126 pomona
332 2049 437 2129 judicii
453 2049 642 2128 principales,
657 2055 688 2110 et
705 2052 881 2113 accessoria
894 2057 966 2129 8333
981 2054 1123 2134 praejudi-

106 2141 189 2203 ciales
202 2142 288 2218 prius
301 2139 477 2201 definienda
487 2140 541 2214 ὥς
555 2155 621 2216 qnae
635 2140 711 2200 tates
724 2140 891 2201 habeantur
905 2147 973 2217 8363
990 2142 1123 2207 inciden-

107 2236 155 2305 tes,
168 2231 233 2291 sire
244 2235 434 2306 emergentes
454 2223 677 2306 cognoscuntur
690 2244 708 2287 a
719 2229 820 2306 judice
834 2246 933 2291 causae
950 2231 1124 2311 principalis

107 2323 163 2381 tn.
180 2319 334 2380 nimiunn
345 2319 377 2378 in
386 2317 488 2394 judice
500 2319 578 2378 laioo
591 2318 623 2376 in
633 2317 802 2394 r‹purtestioue
815 2319 961 2396 spirituali
975 2321 1125 2383 incidente

106 2407 151 2482 ii,
171 2412 207 2482 23
222 2407 389 2468 incidentes
407 2407 630 2484 praeparatoriae
648 2406 731 2482 prius
752 2409 947 2483 expedienda
968 2413 1035 2484 8⁴²3
1058 2427 1124 2488 quae

107 2499 174 2558 tates
185 2497 247 2557 sint
259 2497 310 2571 ib.;
324 2495 490 2557 incidentes
499 2501 649 2556 extraneae
663 2511 765 2556 coram
774 2512 834 2573 qno
844 2497 946 2574 judice
958 2497 1122 2560 mactandae

107 2589 172 2661 8433
187 2585 261 2664 quid
268 2585 297 2645 in
310 2599 459 2647 concursu
472 2583 644 2662 qnaestionis
656 2585 817 2646 criminalia
831 2593 861 2646 et
876 2585 969 2647 civilia
979 2586 1030 2663 iia,
1045 2594 1072 2648 1.

137 2683 308 2750 Qonsronas
320 2675 580 2751 eleemosynarum
592 2690 649 2750 pro
661 2672 760 2734 missis
772 2678 836 2735 317.

136 2769 267 2838 Qunam
278 2767 347 2840 ⁸⁶⁴3
362 2762 504 2826 nullitatia
517 2761 671 2824 sententia
684 2779 703 2822 a
716 2778 778 2839 qno
797 2767 999 2840 cognoscatur
1013 2767 1078 2842 881,
1092 2769 1121 2828 1.

598 2988 631 3048 tt

138 3163 247 3222 tttrrrn
259 3159 323 3220 173.

136 3253 248 3312 nurus
260 3248 299 3308 ad
313 3247 550 3310 contrahendum
561 3245 784 3310 matrimonium
803 3251 870 3322 3913
886 3247 1008 3326 quando
1022 3250 1128 3311 efferat

105 3336 349 3415 impedimentum
360 3336 503 3398 dirimens
511 3340 578 3410 ³923
590 3353 688 3412 poenae
695 3344 851 3415 raptorum
862 3343 892 3398 et
901 3337 1128 3413 cooperantium

105 3426 181 3496 tar
199 3435 226 3488 et
241 3431 275 3499 23
291 3442 357 3502 qnae
369 3425 556 3494 observanda
571 3425 652 3488 cirea
672 3433 791 3502 raptum
803 3426 854 3499 ib„
870 3431 898 3486 3.
915 3431 1027 3503 Raptus
1039 3427 1128 3488 sadu-

107 3514 212 3576 ctionis
234 3513 455 3576 matrimonium
477 3531 537 3576 non
557 3514 654 3576 irritat
671 3519 738 3588 3933
754 3533 794 3575 an
808 3516 867 3576 hoc
883 3515 1129 3594 impedimentum

108 3605 299 3692 mntrahattu
310 3603 431 3682 quaudo
444 3603 567 3668 toemtna
576 3604 655 3682 rapit
669 3604 766 3668 vuum
780 3609 843 3668 391.

929 3689 933 3698 “
991 3709 1040 3754 a...
