2490 4088
470 192 615 250 -pp-

53 317 99 378 bus,
113 318 137 368 et
144 314 187 368 isti
200 313 382 380 regularibus,
395 313 512 380 primam
531 317 680 380 tonsuram,
695 316 724 367 et
735 315 855 368 minores
867 313 978 368 ordines
990 327 1055 382 pos·

54 393 102 440 sunt
110 387 234 439 conterre
249 385 330 438 Gard
342 383 434 450 Soglia
448 386 517 438 Inst.
530 387 587 452 jur.
601 386 675 452 priv.
694 388 707 450 ι
731 386 771 438 33.
784 386 1056 454 Proptereajurecr·

54 458 204 510 baominario
217 457 251 508 ad
264 457 381 522 primam
400 460 541 508 tonsuram
547 457 733 528 minoresque
755 457 862 510 ordines
882 458 1059 512 conterendos

55 531 117 582 etiam
126 529 258 594 simplices
269 527 423 579 sacerdotes
437 522 571 581 asummo
581 529 713 581 Pontillce
723 527 933 594 delegautun-
902 531 982 595 -(3)
991 529 1056 596 dap

53 602 121 664 lati,
136 601 168 652 da
180 605 262 664 temp
280 599 339 651 ord
352 599 465 650 ino.-
434 600 515 665 (3)
530 601 595 667 Gap
611 600 716 665 3,eod.;
728 600 838 652 etTrid.
854 613 922 654 sess.
937 602 979 666 33,
992 601 1056 666 cb,

54 673 170 724 deral-
181 669 293 737 (lmen.
304 670 328 734 3,
342 670 406 722 dist.
418 669 461 722 73.

78 843 114 899 33.
133 839 253 900 Ratione
278 837 400 914 origims
424 837 565 913 proprius
590 837 751 914 episcopus
776 845 823 900 est
841 839 901 915 ille,
921 839 953 900 in
973 841 1059 918 quus

55 928 149 988 doeoesi
166 927 393 1004 promovendus
406 933 496 986 natus
518 933 573 999 est,
589 925 614 986 si
627 927 667 986 ibi
686 935 825 1002 parentes
845 930 911 1005 ejus
933 930 1058 990 domici·

56 1017 107 1076 lun
119 1016 290 1088 habuerint3
312 1014 358 1076 sin
373 1032 447 1075 vero
461 1015 529 1075 abbi
550 1015 733 1078 domicilium
752 1017 920 1094 habuerint,
943 1026 972 1080 et
986 1037 1058 1096 pro-

56 1105 345 1180 novendusinaliqua
365 1103 489 1164 dioecesi
504 1121 542 1164 ex
564 1105 712 1166 accidenti
726 1111 814 1166 natus
837 1106 884 1180 sit,
914 1114 947 1169 ut
969 1123 1057 1169 occa-

56 1194 118 1256 sione
127 1194 246 1269 itineris,
261 1193 361 1267 officii,
376 1193 542 1270 legationis,
558 1201 747 1268 mercaturae,
762 1195 920 1256 alteriusve
939 1213 1060 1272 perma-

56 1284 137 1344 nentae
149 1289 317 1360 parentum,
330 1289 402 1342 tunc
415 1299 477 1342 non
488 1282 628 1343 dioecesis
641 1284 730 1359 hujus
744 1283 872 1344 fortuitae
885 1284 1056 1361 ιιιιίιιιιιίι,

57 1373 94 1431 sed
104 1372 235 1432 dioecesis
249 1372 342 1448 patris
355 1371 528 1445 attenditur,
552 1370 607 1430 nisi
623 1378 708 1447 pater
725 1372 795 1434 inde
812 1372 841 1431 in
857 1372 980 1433 dioecesi
994 1375 1057 1435 for-

58 1461 117 1520 toitae
130 1461 287 1522 nativitatis
299 1458 412 1520 tamdiu
430 1460 639 1536 permanserit,
651 1465 685 1520 ut
698 1460 738 1520 ibi
751 1477 856 1522 verum
874 1462 1055 1524 domicilium

57 1550 223 1620 nnunxerit,
237 1566 298 1626 quo
318 1566 391 1610 casu
405 1565 467 1608 non
490 1548 615 1624 pristina
628 1548 712 1624 origo
735 1550 839 1624 patris,
856 1549 910 1610 sed
930 1551 1057 1613 domici-

56 1637 109 1697 lon
119 1654 169 1715 per
180 1644 297 1714 patrem
309 1636 440 1713 legitime
453 1635 631 1712 acquisitum
645 1643 796 1713 spectatur
811 1642 862 1709 (ι).
879 1638 937 1700 sed
949 1639 975 1699 si
985 1657 1057 1717 pro-

57 1728 197 1788 norendus
207 1727 246 1786 sit
258 1726 436 1802 illegitimus,
451 1741 521 1785 curn
535 1743 595 1801 quo
609 1743 650 1786 ex
660 1728 740 1800 iusta
754 1743 845 1788 causa
858 1726 1057 1804 dispensative

58 1816 215 1889 proceditur,
228 1833 290 1876 non
303 1815 407 1892 patris,
419 1815 474 1875 sed
486 1814 590 1874 matris
603 1814 679 1875 ratio
689 1816 816 1876 habetur
829 1819 870 1889 (3)
883 1834 890 1890 ;
907 1817 1061 1877 etidcirco

59 1902 227 1981 abepiscopo
241 1903 373 1980 originis,
387 1904 435 1964 vel
458 1901 598 1963 domicilii
612 1902 718 1964 matris
738 1904 826 1964 datur
846 1905 993 1966 ordinatio
1008 1910 1059 1981 (3).

83 1993 190 2054 latiore
202 1991 345 2053 domicilii
364 1990 504 2069 proprius
518 1991 676 2068 episcopus
691 1998 736 2052 est
756 1991 816 2068 ille,
839 1993 870 2054 in
885 1996 971 2071 cujus
983 1995 1061 2056 dioe-

59 2080 104 2140 cesi
114 2081 343 2157 promovendus,
356 2080 413 2142 etsi
435 2079 504 2142 alibi
519 2089 617 2155 natue,
631 2080 672 2140 ita
692 2080 835 2142 stabiliter
849 2099 937 2143 suum
950 2085 1062 2146 consti·

59 2168 99 2229 tuit
109 2169 296 2244 domicilium,
311 2176 344 2230 ut
355 2170 404 2230 vel
415 2185 470 2246 per
479 2168 658 2230 decennium
670 2170 776 2231 saltem
785 2170 816 2230 in
829 2187 866 2231 ea
874 2171 1061 2248 habitaverit,

59 2260 92 2318 rel
105 2261 245 2336 majorem
258 2275 360 2320 rerum
373 2275 410 2319 ac
422 2259 572 2318 bonorum
585 2275 709 2319 suorum
730 2267 847 2335 partem
867 2277 937 2321 cum
950 2261 1061 2322 instru-

59 2347 99 2405 ctis
108 2349 216 2408 aedibus
228 2347 260 2407 in
271 2363 339 2408 earn
349 2347 541 2421 transtulerit,
549 2347 649 2424 ibique
659 2348 783 2424 insuper
794 2365 848 2425 per
860 2350 979 2426 aliquod
989 2368 1062 2411 con·

58 2434 191 2498 siderabile
203 2441 323 2513 tempus
338 2441 543 2498 commoratus
555 2437 655 2510 fuerit,
669 2453 796 2513 seseque
809 2431 920 2498 babere
930 2439 1063 2500 animum

58 2521 85 2582 ibi
95 2535 232 2603 perpetuo
245 2526 387 2586 manendi
394 2526 589 2601 jurejurando
602 2526 796 2586 affirmaverit
810 2530 863 2600 (ι).
879 2530 924 2586 Ex
936 2543 996 2604 quo
1010 2529 1062 2588 de·

58 2610 161 2690 dodim,
175 2617 274 2676 solum
294 2613 576 2690 quasi-domiciliiun
594 2630 657 2674 oon
676 2614 815 2675 sulficere
836 2614 874 2675 ad
892 2614 971 2676 licite
986 2617 1062 2676 obti-

60 2703 167 2765 nendam
179 2704 219 2764 ab
233 2704 332 2780 aliquo
347 2703 488 2781 episcopo
502 2705 732 2780 promotionem,
752 2701 814 2763 sive
834 2703 1061 2769 ordinationem.

83 2793 195 2854 milone
208 2791 347 2854 beneficii
367 2791 507 2870 proprius
520 2792 682 2868 episcopus
695 2798 741 2852 est
763 2792 822 2866 ille,
837 2792 869 2851 in
887 2793 973 2869 cujus
986 2793 1064 2855 dioe-

61 2879 105 2939 cei
116 2881 338 2957 promovendus
350 2881 480 2957 legitime
493 2878 630 2956 obtinuit,
643 2887 673 2941 et
688 2881 814 2955 pacifice
824 2883 958 2958 possidet
971 2883 1062 2944 bene·

59 2964 139 3030 tioium
152 2969 396 3044 ecclesiasticum,
411 2968 503 3046 quod,
518 2969 659 3030 detractis
677 2969 829 3046 oneribus,
845 2971 884 3030 ad
899 2986 1063 3047 congruam

61 3054 141 3120 clerici
154 3058 401 3120 sustentationem
414 3057 566 3118 sulflcitb
537 3062 566 3132 (5
567 3060 589 3130 ).

85 3147 197 3210 Ratione
211 3148 334 3210 demum
353 3147 505 3208 triennalis
518 3145 722 3208 familiaritatis
743 3147 884 3224 proprius
906 3147 1065 3224 episcopus

61 3239 94 3293 st
110 3234 165 3310 ille,
188 3254 240 3313 qur
231 3236 489 3313 promovendum
501 3253 556 3312 per
573 3235 722 3312 integrum
735 3242 765 3297 et
778 3238 960 3314 completum
972 3236 1064 3297 trien·

61 3319 127 3384 num
137 3325 167 3384 iu
181 3343 237 3386 suo
252 3324 360 3387 actrrali
373 3324 494 3385 servitio
505 3341 609 3386 secum
627 3325 758 3401 retinuit,
773 3342 810 3386 ac
823 3325 885 3386 suis
899 3325 1066 3402 sumptibus

61 3409 127 3474 aluit.
148 3419 231 3475 llunc
251 3415 372 3492 quidem
391 3419 490 3491 potest
511 3413 669 3489 episcopus
691 3431 877 3490 promovere,
899 3414 963 3474 siva
985 3415 1064 3475 ordi·

63 3511 130 3575 rare,
142 3513 321 3580 quamquam
333 3519 405 3564 suus
418 3500 554 3562 subditus
567 3518 630 3562 non
651 3500 698 3577 sit,
721 3519 819 3580 noque
840 3502 956 3564 ratione
974 3504 1067 3580 origi·

61 3585 109 3661 nis,
121 3607 213 3667 neque
225 3590 341 3652 radone
355 3590 517 3666 domicilii,
539 3607 616 3669 opus
638 3596 739 3662 tamen
753 3597 809 3663 est,
823 3597 866 3665 ut,
881 3591 960 3652 facta
985 3591 1066 3654 ordi·
