2468 4090
613 205 773 262 ..140-

171 323 306 385 barbaris
327 321 451 384 nimium
468 321 623 385 infeliciter
637 321 834 402 occupentur,
848 326 912 387 fere
935 325 1018 387 solus
1038 327 1071 387 in
1092 327 1201 387 effectu

170 431 261 475 verns
283 412 455 473 Patriarcha
476 430 634 475 remanere
652 414 771 475 videtur
784 420 813 475 s.
829 415 977 490 Pontifex,
992 415 1043 492 qui
1059 421 1202 477 Romanae

165 501 321 576 acclesiae,
337 501 493 579 omnisque
515 502 680 563 occidentis
703 503 936 564 Patriarchatum
953 505 1041 580 gerit.
1056 510 1202 564 creantur
1219 533 1220 552 ι

170 591 292 668 quidem
306 589 477 651 etiamnunc
490 597 591 652 Romae
604 592 782 652 Patriarchae
792 593 960 666 orientales,
971 592 1047 653 ritus
1059 593 1157 666 latini,
1168 610 1201 652 ne

168 680 314 742 memoria
326 679 578 741 nobilissimarum
589 681 790 741 Ecclesiarum
803 687 922 758 pereat3
937 682 991 741 sed
1004 681 1046 741 ita
1056 683 1159 754 electi,
1172 687 1198 739 ut

167 769 338 846 plurimum,
345 775 499 845 nequeunt
510 769 625 830 sedium
635 771 858 846 possessionem
867 785 985 845 capere,
994 775 1025 830 et
1036 769 1077 830 ita
1086 771 1201 847 absque

163 857 371 934 jurisdictione
385 863 540 918 remanent
553 857 731 918 Patriarchae
746 858 878 918 titulares
893 861 944 931 (i),

197 997 231 1062 (1)
247 995 304 1048 Sub
320 997 369 1049 Pio
384 996 459 1064 Papa
471 997 522 1058 IX,
535 1009 622 1048 novus
644 996 747 1049 eiectus
759 995 917 1050 patriarcha
930 997 1198 1064 Hierosolymiianus

166 1066 244 1120 latini
261 1069 329 1120 ritus
343 1069 378 1120 ad
393 1082 469 1120 suam
483 1067 576 1120 sedem
589 1069 719 1132 perrexit
734 1071 761 1119 et
781 1069 809 1118 in
824 1081 873 1120 sua
885 1068 1023 1135 provincia
1042 1069 1156 1131 residet,
1172 1071 1202 1118 ut

167 1140 289 1192 referunt
302 1139 452 1205 Peregrini,
466 1140 513 1204 qui
526 1142 620 1191 sancta
632 1138 691 1190 loca
704 1140 825 1190 visitant.
841 1139 909 1190 Sunt
922 1154 1029 1222 qnoque
1042 1144 1068 1192 et
1082 1141 1131 1192 elii
1149 1107 1220 1190 ²Pn-

166 1209 293 1262 triarchae
315 1210 439 1262 catholici
461 1211 599 1261 rariorum
622 1209 744 1260 rituum'
738 1225 767 1260 ιιι
782 1211 895 1272 oriente,
910 1212 957 1292 qui
972 1213 1000 1262 in
1013 1212 1070 1262 suis
1084 1211 1220 1262 sedibus
1219 1175 1220 1244 ι

167 1280 295 1332 resident.
319 1282 481 1332 Benedictus
494 1281 569 1343 xiv,
583 1280 658 1332 bulla
674 1279 767 1346 Nuper
783 1279 820 1332 ad
839 1293 895 1344 nos,
912 1283 1070 1348 episcopum
1083 1275 1220 1334 Damas-

166 1365 263 1404 cenum
276 1352 306 1402 in
318 1351 505 1404 Petriarcham
517 1353 715 1404 Antiochenam
731 1352 884 1456 deputavit.

202 1541 265 1597 111.
281 1537 486 1612 Quanquam
478 1554 509 1596 ιιι
524 1537 655 1598 Ecclesia
672 1536 849 1597 occidentali
863 1553 942 1597 unus
958 1537 996 1598 sit
1014 1493 1220 1630 Patriarchafl

166 1631 266 1686 tamen
280 1642 336 1700 per
350 1625 501 1685 Pontificis
513 1625 739 1686 concessionem
753 1625 894 1726 quidam
887 1625 1101 1685 incaluerunt
1115 1607 1220 1694 insti-i

165 1715 221 1773 luti
237 1712 384 1790 Episcopi,
397 1713 448 1790 qui
459 1714 582 1774 orientis
594 1714 772 1774 Patriarchis
784 1714 921 1789 proxime
931 1714 1183 1789 responderentil
1188 1695 1220 1782 )

167 1803 201 1864 Ηι
216 1800 318 1862 vicarii
335 1802 506 1878 apostolici,
521 1809 551 1863 et
565 1803 664 1878 Legati
683 1802 756 1877 nati,
777 1809 807 1862 et
821 1803 911 1862 etiam
924 1801 1067 1862 Primates
1079 1803 1196 1861 fuerunt

168 1889 250 1963 dicti,
266 1890 375 1966 quibus
387 1891 443 1950 fuit
454 1891 532 1950 inter
543 1890 600 1950 alia
616 1907 804 1975 concessum,
823 1897 858 1950 nt
872 1897 996 1966 possent
1013 1890 1044 1949 in
1057 1897 1121 1949 toto
1136 1879 1220 1948 Pri-l

167 1984 248 2040 matu
265 1995 388 2039 crucem
400 1980 607 2053 anteferre,tet
622 1979 835 2057 appellationes
847 1981 886 2038 ab
899 1971 1220 2068 Αιιιιιθριειοροιιιιιιι

166 2067 324 2128 sententiis
343 2067 488 2144 recipere.
506 2067 575 2128 Sic
568 2086 598 2128 ιιι
613 2069 702 2128 Gallia
717 2068 922 2144 Lugdunensis
935 2067 1049 2127 Primas
1061 2068 1141 2127 hoc'
1131 2079 1220 2142 Jnre

166 2157 332 2229 fruebatur,
347 2157 386 2215 ad
400 2173 490 2232 quam
504 2173 522 2216 a
538 2157 705 2234 Metropolit
706 2173 790 2218 arum
803 2157 993 2230 Turonensis,
1008 2153 1191 2221 senonensis,
1219 2177 1220 2230 3

167 2252 198 2306 et
217 2244 392 2306 Parisiensis
411 2245 567 2306 sententiis
581 2246 739 2322 appellatio
753 2247 849 2306 fuerat
872 2245 976 2305 relicte
1000 2249 1051 2318 (ι).
1066 2245 1193 2319 lienique

166 2333 233 2410 ipse
247 2333 454 2410 Lugdunensis
467 2333 581 2394 Primae
594 2334 654 2393 hoc
666 2335 716 2410 jus
728 2334 825 2394 amisit
834 2351 889 2410 per
900 2335 1116 2394 concordatum
1128 2329 1191 2391 anni
1219 2339 1220 2392 3

167 2510 250 2572 hunc
266 2510 382 2570 titulum
396 2510 493 2570 adhuc
505 2517 615 2585 servat,
630 2510 753 2570 honoris
766 2517 881 2571 tantum
896 2510 1092 2587 praerogativa
1102 2516 1154 2570 est.

165 2735 193 2772 n.
209 2721 249 2773 38.

201 2884 264 2941 til.
278 2854 579 2957 archiepiscopusut
594 2894 702 2938 nomen
718 2841 897 2952 indicat,’est
907 2879 1039 2938 omnium
1049 2895 1110 2937 suae
1122 2893 1186 2952 pro-

165 2970 272 3030 vinciae
286 2969 501 3045 Episcoporum
515 2967 667 3043 Princeps,
680 2967 730 3042 qui
742 2969 848 3027 dicitur
863 2984 984 3044 quoque
998 2966 1185 3042 Metropolita,

56 2453 60 2468 ι
167 2427 250 2496 1801,
263 2422 341 2481 inter
358 2423 443 2481 Pium
463 2426 510 2482 Vii
533 2429 562 2482 et
581 2424 786 2498 Napoleonem
797 2427 819 2495 l,
836 2423 932 2482 Galliae
951 2423 1115 2494 consulem,
1128 2427 1157 2480 et
1169 2417 1191 2477 si

197 2649 233 2714 (ι)
248 2649 312 2702 can.
331 2649 354 2714 1,
369 2649 434 2701 nst.
461 2649 502 2701 ao.
516 2677 543 2686 -
560 2649 595 2714 (ι)
608 2650 702 2702 nevou
720 2649 786 2702 anst.
807 2649 867 2712 aur,
888 2649 952 2702 uon.
971 2649 994 2712 1,
1012 2652 1031 2700 t.
1048 2649 1076 2713 a,
1087 2650 1150 2700 sect.
1165 2647 1187 2709 a,

167 3059 300 3134 eoquod
319 3057 350 3116 in
363 3058 438 3117 urhe
459 3055 621 3132 provinciae
640 3056 792 3131 Metropoli
813 3057 1019 3132 episcopatum
1038 3061 1131 3130 gerat,
1143 3055 1185 3130 ju·
1219 3121 1220 3136 ἶ

163 3147 428 3220 risdictionemque
450 3150 593 3204 exerceat
610 3145 641 3203 in
656 3159 763 3203 omnes
777 3143 943 3203 Provinciae
958 3142 1130 3218 Episcopos,
1143 3141 1186 3216 qui
1219 3159 1220 3174 ι

165 3234 346 3311 suffraganei
360 3239 515 3294 vocentur.
537 3239 606 3292 liaec
621 3230 921 3308 archiepiscoporum
935 3230 1091 3304 institutio,
1105 3237 1134 3290 et
1146 3247 1185 3289 su·

164 3340 220 3401 pra
245 3330 301 3383 caet
302 3341 371 3382 eros
393 3321 556 3398 Episcopos
575 3320 873 3422 praelatioEcclesiae
894 3320 974 3379 bono
993 3321 1041 3378 vel
1062 3319 1184 3378 maximo

166 3411 314 3488 congruit,
336 3418 370 3472 ut
387 3413 475 3472 sitin
498 3410 660 3487 provincia,
680 3428 731 3485 qui
722 3409 922 3469 dissidentes
937 3409 1005 3484 Epis
991 3425 1102 3483 scopos
1116 3423 1184 3468 com-

149 3531 151 3535 ⁴
165 3507 268 3587 ponat
283 3501 393 3578 quique
408 3500 567 3577 spiritun
560 3499 698 3559 eclesiae
714 3498 844 3574 Capitis
839 3518 867 3558 in
881 3496 1015 3559 membra
1029 3498 1220 3560 diffundat:

166 3605 257 3667 quam
270 3589 351 3650 instit
340 3591 485 3650 tutionem
508 3589 641 3649 nonnulli
655 3607 672 3649 a
686 3594 775 3649 Petro
791 3596 821 3648 ei
834 3589 922 3649 Paulo
940 3586 1086 3662 apostolis
1104 3604 1183 3665 repe-
