2490 4088
627 211 769 268 ..96-

120 375 122 378 .
188 333 261 399 gine,
276 333 334 385 lum
348 333 377 383 in
391 333 518 386 exercitio
535 332 704 399 pendebant3
715 348 787 385 nunc
806 333 914 398 penitus
931 335 995 384 suut
1009 331 1214 396 saecularizats,

187 408 299 470 excepta
310 405 438 456 Romana.
451 405 485 456 at
500 419 594 456 revera
608 407 670 456 ante
683 405 742 456 haec
756 409 877 471 tempora
891 405 920 454 in
935 403 987 455 hac
997 404 1139 456 Ganuensi
1151 405 1212 458 Uni-

186 477 313 527 versitats
327 476 421 527 666666
430 476 683 528 archicancellarius
697 476 926 542 archiepiscopus,
937 478 964 526 et
976 475 1093 527 doctoris
1110 477 1211 540 gradus

186 547 374 598 conserebatur
386 560 404 598 a
415 547 551 599 facultatis
564 548 684 598 Praeside
696 548 723 598 iu
739 549 793 598 vim
809 546 944 616 privilegii
960 546 1048 598 eidem
1068 560 1084 596 a
1098 547 1178 597 Sixto
1192 547 1213 597 7

185 618 315 680 concessi,
330 619 407 683 cujus
427 619 570 682 specialem
587 619 616 668 iu
634 618 743 669 doctore
770 617 884 669 creando
906 619 1069 668 mentionem
1084 618 1210 668 faciebat.

185 687 255 740 Haec
265 689 476 740 Universitatum
487 689 601 740 mutatio
612 689 680 740 illud
693 689 783 748 eilicit,
798 702 833 739 ne
847 688 947 753 gradus
958 687 1084 752 licentiae,
1100 689 1212 740 autlan-

185 772 240 810 6666
249 760 277 810 66
285 759 380 811 iisdem
390 760 517 811 obtentus
524 760 559 810 66
567 759 699 811 beneficia
710 760 894 811 ecclesiastica
903 759 1073 822 assequenda
1081 760 1212 823 prodesse

140 867 144 876 .
183 831 281 894 valeat,
291 832 362 882 sicut
383 845 438 882 nou
458 831 568 898 prodest
583 831 657 882 idem
665 831 765 896 gradus
781 831 808 880 in
824 829 1050 881 universitatibus
1069 829 1209 882 haeretico-

184 913 253 963 rum,
265 906 312 952 ant
324 902 533 954 protestantium
543 902 701 966 acquisitus,
712 902 777 967 quia
785 901 847 952 talis
861 901 998 953 concessio
1008 901 1113 965 gradus
1121 901 1158 952 ab
1167 901 1211 951 Ec-

184 971 266 1023 clesia
279 987 334 1023 non
347 973 521 1038 approbatur.
538 972 686 1036 Propterea
705 987 756 1023 nec
771 972 959 1036 ludimagistri,
971 971 1028 1022 sive
1042 972 1209 1023 institutores

183 1043 334 1094 scholarum
349 1043 442 1094 liceta
462 1043 701 1094 communitatibus
716 1043 847 1094 laicorum
862 1043 950 1103 alecti,
965 1044 992 1092 et
1007 1043 1042 1092 ab
1058 1043 1159 1094 iisdem
1169 1055 1208 1092 sa·

182 1113 250 1164 lario
264 1115 355 1177 dotali,
370 1112 581 1180 independentes
601 1114 636 1165 ab
652 1113 803 1166 Ordiuariis
827 1127 887 1165 asse
899 1117 1024 1180 possunt,
1038 1114 1085 1178 qui
1104 1120 1132 1164 et
1149 1127 1207 1178 pro·

181 1183 276 1236 hibere
284 1185 383 1236 schola
389 1186 557 1248 exercitium,
569 1188 596 1236 et
605 1185 761 1251 praecipere,
776 1184 960 1236 utdoctrinem
971 1184 1150 1236 christianam
1163 1183 1206 1234 do·

181 1259 259 1307 ceant
272 1257 312 1308 sic
324 1256 425 1316 electis,
440 1260 467 1307 et
480 1256 578 1307 salario
591 1256 697 1308 donatis
703 1256 801 1308 valent,
812 1257 839 1307 S.
851 1256 932 1320 (long.
948 1255 977 1306 iu
994 1269 1049 1307 una
1057 1253 1206 1310 Faventino

180 1327 331 1379 ldecemb.
348 1327 417 1380 1734.
428 1327 538 1381 Ricther
548 1327 583 1378 ad
597 1340 663 1379 sess.
679 1328 703 1389 5,
717 1341 739 1378 6.
757 1329 779 1392 6,
794 1327 827 1378 66
841 1327 890 1378 rel.
905 1341 933 1378 n.
946 1325 977 1378 30
993 1331 1087 1392 etseq.

215 1525 259 1582 86.
274 1525 431 1596 Nequeunt
442 1519 542 1580 clerici
553 1519 657 1580 mundi
667 1519 746 1579 vitus
757 1526 787 1580 et
798 1519 909 1580 solatus
922 1519 1088 1595 indulgere,
1098 1519 1204 1596 quibus
1230 1527 1231 1622 6

179 1609 318 1670 adivinis
333 1610 546 1669 abstrahuntur
558 1609 672 1682 officiis,
689 1609 903 1684 affectibusque
926 1608 1038 1668 sensim
1056 1589 1231 1684 glutinari·
1230 1639 1231 1690 6

178 1705 228 1758 tur
178 1697 387 1758 thumanis.
404 1697 518 1758 idcirco
535 1697 754 1758 interdicuntur
766 1715 785 1756 6
798 1698 932 1772 crapula,
950 1703 980 1756 66
993 1697 1177 1757 ebrietatcl
1153 1701 1177 1766 66
1182 1701 1231 1769 6,6

179 1804 198 1846 a
210 1787 283 1846 luxu
295 1793 360 1846 tum
372 1785 566 1886 intumulata,
582 1794 646 1846 tum
659 1786 689 1846 iu
700 1802 816 1858 mensa,
836 1786 923 1845 tum
915 1803 946 1844 ιιι
965 1785 1179 1861 supellectilia
1181 1791 1198 1857 6,
1230 1775 1231 1874 6

177 1873 393 1934 asaecularium
407 1874 542 1934 convivis
555 1873 721 1950 praesertim
736 1874 919 1950 nuptialibus
933 1879 962 1948 63
964 1877 984 1946 6,
1000 1891 1018 1932 6
1032 1875 1111 1934 ludis
1124 1876 1231 2000 66666

175 1977 244 2022 rum
258 1969 287 2022 et
301 1962 521 2025 taxilloruml
491 1969 521 2036 (l
521 1967 543 2038 6,
561 1963 669 2024 666666
692 1963 886 2024 theatralibus
904 1970 934 2024 et
948 1963 1198 2034 66ι6666666656
1150 1971 1198 2036 66

176 2052 306 2126 choreis,
321 2052 528 2112 saltationibus
547 2059 578 2112 et
600 2052 820 2129 spectaculis(6
822 2055 844 2128 6,
865 2070 884 2112 6
906 2052 996 2112 larvis
1009 2029 1231 2128 praeferendis

174 2142 325 2218 praeeipue
341 2148 478 2218 tempore
494 2141 770 2202 bacchanalium7
742 2145 770 2213 (7
772 2147 794 2216 6,
809 2147 839 2201 66
852 2140 976 2202 etiams
997 2140 1132 2216 legendis
1148 2157 1231 2200 66

172 2229 342 2291 moediis8
311 2235 342 2304 (8
343 2235 363 2302 6.
379 2231 525 2330 daonium
546 2248 619 2291 vero
634 2231 713 2291 circa
727 2231 865 2304 choreas,
889 2229 1062 2304 comoedias,
1082 2219 1231 2329 aliaque

173 2320 343 2396 spectacula
356 2318 444 2379 nimis
456 2320 542 2379 66666Ι
535 2319 717 2396 irrepserat'
709 2338 740 2379 ιιι
755 2320 954 2397 quorumdam
963 2325 1120 2379 auctorum
1129 2317 1194 2378 sari·

172 2408 232 2510 ptis
246 2407 391 2482 doctrina,
408 2425 474 2468 eam
486 2409 593 2469 merito
608 2409 751 2484 corripuit
762 2407 900 2468 Benedict
888 2413 936 2467 tus
946 2411 1046 2480 le(8
1047 2411 1067 2480 6,
1086 2414 1117 2468 66
1126 2423 1192 2467 vere

172 2499 224 2574 666
249 2497 414 2558 6666666
396 2498 493 2573 pecori
520 2515 589 2558 ccum
612 2497 740 2570 diabulo,
766 2513 828 2557 666
849 2496 956 2573 poterit
978 2497 1105 2572 paudere
1127 2511 1192 2558 cum

174 2586 299 2648 Christo.

194 2724 239 2790 ’(66
253 2725 318 2789 Gap.
333 2724 402 2776 lide
414 2723 463 2775 vit.
479 2728 507 2776 et
518 2723 622 2775 honest.
633 2724 697 2776 cler.
707 2750 739 2762 —
752 2723 786 2790 (2)
800 2724 865 2776 Gan.
875 2724 900 2788 7,
912 2723 974 2776 dist.
986 2725 1025 2776 ll.
1040 2752 1071 2760 —
1083 2725 1119 2789 (3)
1128 2724 1187 2788 Gap.
1230 2767 1231 2784 ,

172 2797 211 2860 69,
228 2797 289 2847 dist.
306 2797 345 2848 36.
356 2823 387 2834 -
401 2796 435 2860 (l)
450 2797 515 2862 (lap.
529 2796 566 2858 65,
581 2794 614 2846 66
627 2795 674 2846 vit.
689 2799 716 2847 et
731 2795 837 2846 honest.
851 2795 915 2846 cler.
930 2823 961 2832 -
971 2795 1006 2860 (5)
1020 2795 1084 2860 Gap.
1099 2797 1122 2858 6,
1133 2795 1186 2846 666.
1230 2795 1231 2854 j

170 2895 201 2906 -
218 2868 249 2933 666
264 2868 328 2919 Cen.
344 2867 383 2928 37,
398 2869 460 2918 disi.
480 2869 504 2931 5,
520 2867 554 2918 de
568 2873 716 2918 consecrat.
734 2895 765 2903 -
780 2867 815 2930 (7)
829 2867 893 2918 Cen.
910 2867 950 2929 85,
970 2867 1033 2918 6666.
1050 2869 1074 2929 5,
1089 2868 1146 2918 eod.
1161 2891 1185 2902 -
1230 2875 1231 2898 ³

170 2940 205 3004 (8)
217 2940 281 2990 Gau.
295 2941 319 3003 7,
334 2938 397 2989 dist.
412 2938 450 3000 37,
465 2939 510 3003 qui
524 2940 563 2990 sic
575 2951 604 2989 se
615 2938 713 2988 hehet:
728 2934 882 2990 Sacerdotes
895 2935 952 2995 6666,
967 2939 1071 2990 amasis
1080 2950 1185 3002 666666-
1230 2943 1231 2998 j

169 3010 214 3062 tiis
227 3013 251 3062 66
272 3009 414 3074 prophetis,
428 3009 549 3061 videmus
561 3009 701 3070 comeditis
715 3010 806 3075 tepere,
827 3007 966 3074 Vlrptlium
976 3013 1073 3072 tencre,
1090 3012 1186 3060 amate
1230 3013 1231 3064 6

168 3081 213 3133 666
230 3081 423 3133 buccolicorcm
444 3093 569 3133 uersuum
585 3080 665 3132 uerba
679 3094 783 3144 canere,
799 3083 824 3133 et
840 3080 871 3131 td
895 3081 965 3146 6666
980 3080 1011 3132 ιἰι
1031 3083 1124 3148 pueris
1142 3092 1183 3132 ιιι-

160 3152 300 3220 ,reseratis
314 3155 360 3215 est,
375 3151 517 3209 crementa
527 3166 553 3204 se
575 3153 664 3218 facere
678 3152 831 3218 voluptatis.
844 3179 876 3190 -
889 3152 924 3218 (9)
940 3153 980 3204 De
1000 3152 1099 3218 synod.
1116 3153 1133 3204 l.
1150 3151 1182 3212 ll,
1230 3171 1231 3212 6

168 3237 192 3276 c.
209 3225 246 3288 10,
260 3239 286 3276 ιι.
306 3225 342 3276 ll.
1230 3231 1231 3262 6

205 3415 249 3472 87
266 3415 422 3487 Nequeunt
435 3407 556 3469 demum
564 3425 647 3469 arma
660 3411 828 3484 deferrem
841 3415 930 3473 venat
918 3408 991 3469 tioni
1002 3409 1180 3480 incumbere,
1230 3383 1231 3454 ἷ

169 3499 238 3574 quia
251 3514 334 3559 arma
346 3499 542 3560 iustrumenta
555 3497 679 3558 feritatis
690 3505 804 3574 sante
787 3497 954 3559 etuimium
967 3498 1065 3558 aliena
1078 3516 1097 3560 6
1112 3495 1182 3558 leni-

167 3593 229 3650 tate
243 3587 395 3651 Ghrlstil
370 3591 421 3662 (6.6
437 3592 641 3664 Proptereas.
656 3587 827 3650 Ambrosius
841 3587 960 3649 aiebat:
974 3587 1073 3661 Dolor,
1089 3589 1180 3665 fletur,
1230 3645 1231 3652 ,
