2546 4082
500 283 607 341 -307
628 313 659 330 «-

45 405 230 458 necessitatis
243 403 411 458 verificetur:
436 405 460 456 1ο
474 405 502 456 in
516 419 556 465 eo,
573 405 619 472 qui
633 406 668 458 ad
683 404 837 458 evitandum
859 405 1026 466 scandalum,
1040 403 1086 458 val

47 477 200 528 infamiam
210 477 291 529 debet
303 479 379 529 brevi
394 478 531 529 celebrare
545 477 666 542 Missam,
680 477 721 528 val
737 478 763 528 S.
780 477 998 529 Communionem
1009 478 1082 529 acci·

46 562 133 612 pere.
158 551 185 601 S.
205 549 245 600 De
263 550 369 613 Ligario
387 549 404 600 l.
421 550 447 614 7,
461 562 489 600 n.
505 550 549 608 862
567 549 593 600 2⁰
608 548 635 600 in
653 562 694 611 eo,
710 548 756 614 qui
773 549 936 612 temporario
948 549 1085 600 detinetur

47 619 264 688 impedimento,
278 619 421 684 quominus
436 626 517 686 queat
531 620 644 671 Romam
658 634 688 672 sa
703 619 824 671 conterre
840 619 874 670 ad
887 619 1084 671 absolutionem

46 691 245 742 obtinendam.
260 690 326 756 Cap.
349 691 374 740 ll
392 696 417 742 et
436 693 466 743 58
481 691 514 742 da
529 694 596 742 sent.
619 704 731 753 exeam.;
748 692 773 742 3⁰
787 691 815 740 in
833 703 873 749 eo,
892 691 938 756 qui
952 695 1084 756 perpetuo

45 761 252 827 impedimento
275 761 422 826 detinetur,
440 768 572 827 nequeat
590 775 724 814 summurn
745 761 901 812 Pontificem
917 762 1000 813 adire.
1017 764 1081 827 Arg.

46 847 117 898 cap.
128 832 160 882 to
171 832 204 884 de
212 837 278 883 sent.
289 845 390 883 excom.
401 838 429 884 et
438 845 494 900 cop.
507 834 548 895 tt,
558 833 616 884 eod.
629 833 656 882 in
671 833 693 883 o.
705 833 807 884 Horum
823 833 940 883 omnium
953 833 1020 883 ratio
1032 837 1083 891 est,
1100 838 1103 850 '

47 903 135 968 quia,
159 903 291 954 existente
312 903 501 969 impedimento
520 903 636 955 adeundi
654 904 766 968 Papam,
782 903 936 954 restituitur
951 903 1084 969 Episcopo

47 978 182 1040 potestas
197 973 340 1025 ordinaria.
355 974 381 1025 S.
403 975 444 1026 De
457 975 563 1039 Ligario
578 975 595 1025 l.
615 975 639 1036 7,
654 987 679 1025 n.
695 975 735 1025 8t.
750 974 802 1026 Sed
819 975 847 1024 in
866 973 972 1025 duobus
988 975 1085 1038 primis

50 1045 173 1097 casibus
186 1058 219 1096 ex
230 1045 301 1110 jnris
312 1045 385 1096 citati
399 1045 574 1110 dispositione
584 1044 765 1096 absolvendus
779 1044 860 1096 debet
870 1047 973 1110 jurare,
985 1057 1015 1096 se
1024 1047 1086 1109 post

50 1117 269 1179 absolutionem,
293 1129 374 1181 quam
398 1116 518 1180 primum
541 1117 667 1180 potuerit,
692 1116 795 1181 Papam
818 1115 955 1166 aditurum
971 1115 1005 1166 ed
1026 1116 1085 1179 ejus

50 1186 221 1238 mandatum
246 1186 439 1250 recipiendum.
458 1187 559 1238 Varum
576 1185 656 1237 hodie
670 1185 714 1236 bic
727 1186 878 1252 personalis
892 1198 1017 1236 accessus
1031 1199 1086 1238 nan

52 1258 181 1323 amplius
194 1257 306 1324 praecipi
321 1257 402 1316 solet;
417 1257 464 1308 sed
479 1256 578 1309 sufficit
595 1270 734 1308 recurrere
748 1256 782 1307 ad
799 1257 826 1307 S.
841 1257 1084 1316 Poeuitentiariam,

52 1342 124 1395 quae
138 1328 283 1380 facultates
298 1333 465 1393 opportunas
481 1328 623 1380 Ordinario
640 1327 770 1387 concedit,
781 1327 859 1378 motio
874 1341 928 1378 non
942 1334 1038 1392 agatur
1052 1327 1085 1380 de

50 1398 231 1464 gravioribus
244 1398 407 1464 quibusdam
421 1400 584 1458 excessibus,
602 1402 632 1450 ut
646 1399 679 1450 de
698 1398 795 1449 abortu
808 1410 825 1447 a
839 1399 1000 1463 Presbytero
1016 1410 1080 1462 pro·

53 1473 166 1532 curato,
183 1471 227 1520 cui
246 1473 308 1534 post
323 1469 520 1521 absolutionem
535 1469 624 1521 datam
642 1469 676 1520 ab
696 1468 839 1521 Ordinatio
857 1469 996 1534 imponere
1019 1469 1087 1520 solet

51 1553 130 1595 onus
144 1539 178 1590 ad
192 1539 285 1592 limina
299 1541 493 1612 Apostolorum
507 1540 578 1591 intra
592 1545 696 1592 certum
708 1542 815 1604 tempus
829 1539 983 1591 accedendi.
995 1540 1085 1592 Giral·

54 1612 115 1662 dus
128 1611 163 1662 ad
173 1624 231 1678 cap.
247 1613 257 1664 l
274 1611 307 1662 da
321 1615 389 1663 sent.
405 1625 507 1662 excom.
519 1611 550 1662 In
566 1613 644 1662 tertio
657 1624 720 1663 vero
735 1624 800 1663 casu
811 1616 873 1677 post
886 1611 1085 1663 absolutionem

53 1682 139 1734 nulla
153 1686 275 1736 remanet
289 1683 417 1748 obligatio
430 1683 519 1734 denuo
541 1681 575 1734 ad
595 1682 621 1734 S.
637 1681 733 1734 Sedem
748 1681 915 1744 recurrendi,
937 1694 1025 1747 neque
1038 1696 1087 1749 per

54 1753 216 1819 epistolam,
235 1767 323 1820 neque
337 1767 388 1819 per
400 1760 612 1819 procuratorem,
631 1753 694 1818 quia
714 1755 761 1818 jus
786 1752 900 1818 requirit
912 1754 1086 1820 praesentiam

54 1825 112 1883 rei,
128 1838 190 1889 quoe
203 1826 237 1878 ob
253 1825 475 1896 knpedimentum
489 1828 649 1891 perpetuum
659 1839 720 1875 cum
733 1836 868 1888 nusquam
882 1823 977 1876 haberi
990 1823 1085 1890 possit,

55 1899 185 1962 potestas
207 1895 335 1962 Episcopi
358 1895 496 1946 ordinaria
516 1895 633 1959 perlaeta
655 1895 844 1958 reintegratur,
866 1897 893 1945 et
911 1896 1014 1961 absque
1030 1895 1087 1946 ulla

58 1966 218 2019 conditione
239 1966 374 2018 absolutio
391 1966 479 2028 datur,
497 1970 528 2016 ut
544 1965 621 2017 docet
636 1965 662 2017 S.
685 1966 725 2016 Da
741 1965 848 2030 Ligario
862 1965 887 2016 d.
907 1966 924 2017 l.
940 1981 967 2016 n.
983 1965 1023 2030 89,
1040 1966 1086 2032 qui

57 2040 91 2090 in
106 2037 271 2104 praecedenti
282 2052 309 2089 n.
324 2038 364 2100 88,
375 2037 554 2102 impedimenti
573 2037 696 2104 perpetui
710 2049 789 2088 casus
803 2039 954 2100 enumerat,
973 2041 999 2088 et
1016 2038 1087 2088 inter

58 2110 116 2160 hos
127 2112 260 2175 perpetuo
272 2108 416 2173 impeditos
428 2112 527 2172 praeter
536 2103 673 2166 mulieres,
685 2121 786 2166 servos,
799 2119 878 2158 senes
889 2107 1086 2173 sexagenarios,

60 2182 192 2245 aegrotos,
207 2179 320 2241 debiles,
332 2179 486 2231 carceribus
501 2179 624 2230 detentos
638 2178 773 2242 advitam,
787 2178 944 2230 triremibus
956 2183 1087 2244 perpetuo
1113 2191 1116 2197 ·

60 2253 217 2311 damnatos,
238 2251 441 2318 comprehendit
461 2249 615 2314 Monachus,
638 2252 665 2300 et
687 2249 826 2300 Mantalos.
848 2249 901 2300 Sed
920 2250 1008 2314 quoad
1028 2250 1086 2300 Mo-

55 2322 149 2375 niales
163 2323 284 2389 exceptio
299 2323 358 2372 tleri
372 2322 453 2374 debet
466 2321 495 2371 in
509 2320 783 2372 excommunicatione
793 2325 905 2385 propter
916 2319 1087 2372 violationem

57 2395 234 2456 clausurae
248 2406 302 2458 qua
316 2392 467 2459 Episcopus
480 2405 526 2443 eas
539 2391 680 2443 absolvere
694 2405 748 2442 non
767 2394 863 2455 potest.
882 2391 959 2454 Quod
972 2391 1088 2444 dicimus

57 2466 99 2517 de
113 2464 342 2516 assertationibus
357 2464 500 2530 papalibus
521 2463 606 2513 relata
626 2461 660 2513 ad
679 2462 838 2528 Episcopus,
862 2464 944 2514 etiam
964 2476 1088 2514 reserva·

56 2533 184 2588 tionibus
195 2533 395 2599 episcopalibus
404 2535 488 2587 relata
498 2533 531 2586 ad
541 2532 875 2598 confessariosaptandum
885 2537 968 2587 est·
976 2533 1086 2600 (6)Trid.
1126 2539 1128 2542 “

57 2619 131 2661 sess.
142 2607 183 2671 24,
199 2619 223 2664 c,
238 2605 261 2664 6,
277 2604 311 2656 de
327 2605 377 2656 rei.

97 2771 163 2830 298.
182 2766 286 2839 Quoad
298 2763 432 2840 modum,
453 2763 598 2824 absolutio
619 2781 637 2824 a
660 2764 796 2825 censuris
808 2764 906 2825 rabdo
921 2763 1009 2825 datur
1022 2762 1088 2841 qui·

58 2861 249 2932 boscumque
262 2855 373 2929 verbis,
381 2853 440 2914 aut
450 2854 541 2930 signis
555 2852 728 2914 absolvendi
741 2855 924 2914 voluntatem
940 2853 1088 2914 sufficien-

58 2955 110 3009 ter
124 2943 408 3018 demonstrantibus,
424 2942 493 3002 licet
507 2942 645 3018 expediat
664 2942 804 3002 adhibere
821 2944 933 3002 formas
948 2960 965 3002 a
978 2946 1086 3003 Docto·

58 3035 157 3110 ribuS,
172 3040 201 3094 et
223 3033 407 3110 praecipuae
425 3036 454 3092 S.
469 3035 511 3090 lle
524 3030 641 3107 Ligario
657 3031 821 3107 assignatas
836 3034 886 3104 (l).
909 3035 999 3091 Datur
1018 3047 1087 3108 per·

62 3140 146 3199 saepe
160 3121 199 3183 ad
212 3121 369 3193 cautelam,
384 3125 419 3179 ut
432 3119 576 3196 contingit
589 3118 620 3178 in
638 3119 890 3180 administratione
911 3120 1088 3180 sacramenti

62 3210 311 3283 Paenitentiam),
322 3207 520 3284 ettlescriptis
529 3207 704 3284 apostolicis
718 3209 755 3269 ad
770 3210 910 3270 effectum
921 3208 1088 3270 obtinendae

63 3300 168 3377 gratiae
180 3294 231 3374 (3).
255 3303 347 3358 Datur
367 3297 495 3374 denique
515 3297 605 3358 etiam
624 3297 663 3357 ad
681 3298 915 3372 reluctatorium,
931 3314 999 3358 cum
1012 3297 1042 3358 id
1056 3299 1089 3359 fit

64 3389 122 3451 sub
141 3395 223 3449 certa
244 3389 311 3464 iege
332 3404 381 3446 ex.
401 3403 446 3462 gr.
469 3386 597 3446 adeundi
619 3391 739 3463 Papam,
762 3392 797 3446 ut
815 3386 846 3445 in
867 3385 985 3446 casibus
999 3403 1089 3462 supra

66 3477 229 3555 expressis,
254 3477 304 3537 vel
331 3474 530 3536 satisfaciendi
557 3475 635 3552 parti
660 3476 748 3550 laesae,
772 3481 823 3534 aut
847 3474 904 3534 alia
926 3474 975 3550 pia
997 3491 1089 3551 opera

65 3567 226 3628 exercendi
239 3559 318 3626 intra
335 3571 450 3626 certum
465 3571 598 3640 tompus,
611 3582 671 3641 quo
683 3565 785 3640 elapso
798 3564 862 3624 sine
876 3563 1087 3640 satisfactione,

66 3671 231 3734 operumve
245 3654 434 3728 executione,
447 3653 600 3714 absolutus
613 3653 645 3714 in
662 3669 819 3716 censuram
832 3651 970 3716 reincidit
982 3656 1033 3726 (t).

1017 3777 1032 3804 θ
