2566 4102
671 77 813 162 ..pn

228 221 281 276 lica
290 223 463 278 occidentalis
468 227 496 279 et
505 226 644 279 orientalis
653 239 708 279 una
715 223 757 280 ebt
762 241 811 294 per
818 228 917 294 dogma
925 229 952 280 et
961 227 1157 294 subjectionem
1164 227 1260 281 Roma·

226 307 261 346 no
276 295 407 361 Pontifici,
423 302 451 349 et
460 295 550 350 differt
559 299 664 350 tantum
673 298 763 364 quoad
772 299 879 351 rituset
891 299 1062 365 disciplinam
1072 301 1122 352 sub
1132 301 1258 366 aJ'usdem

225 363 362 419 Pontificio
377 366 534 431 directione,
554 383 636 434 quam
649 369 849 422 distinctionem
870 382 925 421 non
937 369 1061 433 arbitria,
1071 371 1256 422 Romanorum

225 435 394 502 Pontificum,
402 438 513 506 utimpii
520 439 664 506 affirmant,
674 439 723 493 sed
732 441 881 492 necessitas
891 440 1006 492 induxit.
1014 441 1206 508 Syllabprop.
1219 444 1255 494 38.

225 506 355 560 Ecclesiae
364 523 428 562 vcro
440 511 591 563 nationales
602 511 872 572 unsaramma,
890 515 918 564 et
937 512 1078 564 subductae
1089 513 1125 564 ab
1139 515 1255 565 auctori·

226 581 281 631 tata
290 579 405 632 Romani
421 583 632 636 Pontificissunt
648 582 839 644 schismaticae,
856 588 883 634 et
897 583 1082 636 conventicula
1093 585 1252 650 impiorum.

224 649 326 714 Syllab.
343 665 419 720 prop.
442 654 482 705 at.
496 679 528 692 -
545 655 578 718 (3)
594 655 662 706 Cum
674 654 797 706 Ecclesia
809 653 911 706 Christi
924 655 960 706 sit
974 654 1146 720 apostolica,
1163 669 1255 707 neces·

225 722 297 772 sario
307 728 348 774 est
363 723 501 776 Romana:
514 739 577 777 nam
593 725 710 778 ecclesia
719 725 841 776 Romana
854 729 897 777 est
908 725 1030 777 Ecclesia
1042 727 1073 776 D.
1085 726 1162 778 Petri
1179 728 1255 777 Prin-

224 791 293 859 cipis
299 795 500 860 Apostolorum,
511 811 592 863 quem
604 796 881 848 Dominusconstituit
890 796 977 861 caput
987 801 1014 847 et
1028 799 1153 849 centrum
1166 798 1256 850 Eccle-

223 864 272 916 siae
291 865 467 929 universatim
481 868 604 920 Ecclesia
617 872 706 920 autem
721 868 754 918 D.
766 869 842 920 Petri
857 870 899 920 est
911 867 1067 932 Apostolica
1078 888 1085 919 ι
1097 883 1166 934 ergo
1184 871 1255 934 Apo·

222 935 318 986 stolica
331 938 446 990 ecclesia
456 941 498 989 est
507 939 638 990 Romana.
648 939 683 992 V.
693 939 760 991 Inst:
769 938 828 991 Jur.
843 938 909 989 Gan.
921 938 985 989 edit.
996 939 1109 990 Parisiis
1119 953 1166 991 an.
1180 940 1249 990 t853.

225 1013 292 1058 tom.
309 1006 332 1056 1.
348 1023 411 1075 pag.
431 1009 471 1060 87:
496 1010 613 1075 Insuper
629 1011 749 1062 Ecclesia
772 1009 893 1060 Romana
907 1011 949 1060 est
973 1012 1054 1060 etlam
1068 1023 1133 1068 una,
1149 1017 1252 1073 sancta,

222 1079 358 1132 catholica
371 1084 503 1147 perpetuo
524 1081 665 1144 duratura,
683 1079 852 1134 adsalutem
870 1081 1033 1144 necessaria,
1051 1085 1079 1133 et
1093 1081 1252 1134 infallibilis.

219 1149 254 1203 V.
277 1150 508 1217 Pnilttpsdejnn
521 1151 587 1204 eccl.
605 1151 665 1218 228.

253 1347 299 1404 22.
318 1344 451 1406 Ecclesia
464 1346 611 1406 catholica
629 1363 669 1405 ex
690 1345 790 1407 divina
811 1344 996 1406 institutione
1014 1351 1060 1406 est
1077 1363 1211 1424 roccum
1223 1347 1250 1406 ln

218 1433 361 1498 cernisne
374 1451 470 1510 ragno
482 1434 598 1495 caelesti
610 1433 802 1511 participans,
817 1446 847 1494 et
859 1435 899 1494 ad
909 1451 1037 1510 regnum
1049 1436 1177 1496 coeleste
1192 1437 1250 1496 dis·

217 1539 348 1598 ponens3
364 1530 410 1583 est
430 1523 547 1594 schola,
562 1523 591 1582 in
608 1541 667 1601 qua
684 1525 770 1585 adest
794 1523 936 1584 cathedra
958 1522 1117 1584 infallibilis
1138 1526 1250 1586 verita-

219 1612 270 1686 tis;
283 1619 313 1673 et
330 1618 376 1673 est
396 1613 548 1689 temptum,
563 1613 594 1672 in
607 1631 667 1690 quo
680 1629 786 1675 vemm
797 1611 1007 1685 sacerdotium,
1022 1619 1052 1672 ct
1063 1615 1249 1691 verareligio

216 1704 384 1778 completur
400 1708 451 1775 (l).
467 1706 518 1762 Est
532 1719 603 1763 sane
617 1719 745 1779 regnum
761 1722 767 1761 :
784 1709 847 1764 Rex
860 1701 941 1762 enim
958 1718 1073 1778 regum,
1095 1709 1127 1762 et
1148 1704 1247 1764 Domi·

215 1805 273 1850 nus
286 1789 513 1865 dominantium,
528 1792 580 1867 qui
597 1790 694 1868 ipsam
708 1792 873 1852 Ecclesiam
890 1791 1035 1865 fundavit,
1057 1792 1247 1853 manifestam

214 1880 300 1955 regni
313 1880 441 1940 formam
464 1881 492 1940 ei
511 1881 622 1942 tribuit.
639 1886 713 1942 Nam
733 1881 764 1940 in
784 1887 862 1941 statu
880 1881 954 1956 legis
970 1886 1086 1940 naturae
1099 1885 1248 1958 populum

214 1969 352 2044 habebat,
379 1986 468 2046 quem
490 1969 667 2030 Patriarchae
680 1970 909 2046 gubernabant:
927 1969 1077 2030 abraham
1091 1973 1246 2032 constituit

214 2065 329 2133 patrem
349 2060 511 2118 multarum
527 2059 671 2134 gentium,
692 2076 732 2119 ex
753 2076 813 2136 quo
833 2075 921 2135 reges
945 2075 1122 2134 egressuros
1135 2060 1245 2136 praedi-

212 2147 257 2207 xit
281 2151 321 2220 (2)
344 2153 504 2224 :tlcysem
527 2147 616 2221 misit,
643 2155 676 2208 ut
703 2149 847 2224 populum
872 2163 960 2208 suum
987 2147 1064 2207 illios
1083 2152 1179 2210 lsrael
1208 2151 1244 2210 de

212 2239 339 2313 AEgypto
355 2236 497 2296 educeret
510 2240 562 2308 (3).
579 2242 703 2296 instato
722 2237 797 2314 legis
810 2236 928 2312 scriptae
940 2235 1069 2296 divinam
1084 2237 1243 2312 positivam

211 2325 412 2402 promulgavit
425 2327 533 2401 legem,
558 2325 640 2386 dedit
658 2327 771 2402 populo
785 2343 840 2386 suo
854 2326 1009 2385 Palestinae
1031 2325 1203 2402 regionem,
1214 2335 1243 2388 et

211 2414 364 2474 constituit
377 2414 405 2474 ei
420 2430 533 2490 regem,
549 2413 626 2474 sicut
646 2415 796 2476 habebant
815 2431 921 2475 omnes
935 2431 991 2491 per
1008 2413 1171 2477 circuitum
1189 2434 1242 2477 na-

209 2503 308 2565 tiones
319 2510 370 2579 (4).
386 2509 418 2564 ln
432 2510 511 2564 statu
525 2503 646 2565 demum
664 2504 768 2580 gratiae
785 2506 872 2581 juxta
885 2505 976 2564 iidem
995 2505 1034 2563 ab
1052 2506 1241 2584 archangelo

211 2593 344 2654 Gabriele
353 2593 450 2654 liariae
462 2593 561 2653 datam
576 2599 661 2653 iesus
674 2594 784 2654 babere
793 2593 922 2654 debebat
930 2594 1034 2654 sedem
1043 2595 1123 2670 regis
1133 2597 1240 2668 David,

210 2689 240 2743 et
254 2683 284 2742 in
307 2682 435 2744 ecclesia
449 2699 591 2760 regnare,
617 2683 692 2744 dixit
717 2683 796 2744 enim
812 2703 818 2741 :
833 2683 918 2743 Dabit
931 2683 979 2742 tiit
991 2683 1137 2744 Dominus
1164 2687 1240 2747 Deua

107 2811 110 2815 -
208 2773 305 2833 sedam
324 2773 418 2834 David
438 2775 534 2850 patric
554 2773 628 2849 ejus,
652 2781 678 2832 at
698 2773 830 2849 recitabit
843 2773 876 2832 io
889 2772 975 2833 domo
998 2773 1083 2833 Jacob
1104 2774 1139 2834 io
1156 2785 1241 2838 ater·

207 2878 285 2922 nano
304 2865 356 2936 (ὅ),
389 2862 470 2939 quod
495 2863 593 2922 luerat
611 2862 849 2938 praenunciatum
867 2878 923 2938 per
936 2864 1116 2938 prophetam
1130 2866 1239 2926 banie-

113 2996 116 3002 .
207 2952 277 3024 lem,
293 2967 363 3011 cum
377 2952 415 3010 de
426 2951 496 3011 Filio
505 2951 635 3011 hominis
647 2951 787 3011 veniente
797 2949 834 3011 de
847 2953 925 3012 coelo
939 2955 983 3011 sic
997 2953 1123 3012 asseruit
1135 2971 1142 3011 :
1155 2955 1239 3015 Dedit

208 3040 234 3100 ei
247 3041 349 3113 (Deua)
361 3047 541 3116 potestatem,
556 3047 582 3099 ct
596 3041 748 3114 honoram,
764 3047 791 3099 ct
804 3058 977 3116 rapinum...
994 3047 1021 3100 ct
1031 3057 1163 3116 repauso
1178 3044 1237 3119 ejus

111 3191 115 3200 ,
206 3131 359 3206 quotiaco
374 3137 580 3206 conuncupatur
595 3133 646 3202 (6).
663 3135 730 3189 llaec
745 3147 811 3205 quae
825 3130 994 3190 decretoria
1007 3135 1076 3188 sunt
1089 3130 1128 3189 de
1139 3148 1235 3209 regno

207 3218 322 3294 Christi,
346 3224 377 3278 et
397 3219 435 3278 de
457 3234 563 3294 regno,
578 3219 660 3295 quod
675 3219 705 3278 in
724 3217 856 3278 Ecclesia
876 3236 930 3278 sua
953 3219 1084 3278 Christus
1097 3216 1234 3293 instituit,

206 3315 310 3384 aparte
324 3309 540 3371 confirmantur
553 3307 591 3367 ab
599 3308 741 3384 Apostolo
755 3312 879 3384 ioanne,
889 3307 941 3384 qui
953 3315 1115 3384 postquam
1128 3310 1234 3370 testitl-
1258 3371 1259 3374 ,

206 3404 291 3458 catus
304 3403 359 3472 est,
367 3403 470 3458 lesum
477 3396 625 3458 Christum
639 3414 707 3458 esse
719 3396 885 3473 principem
898 3413 1003 3472 regum
1013 3402 1113 3472 terrae,
1122 3398 1234 3474 subdit,
1258 3407 1259 3423 l

208 3487 265 3558 Qui
276 3489 343 3563 fecit
357 3505 411 3548 oca
422 3503 558 3562 raucum,
575 3495 601 3547 ot
612 3487 775 3547 sacerdotes
791 3486 858 3558 Deo,
874 3495 900 3548 et
915 3487 1001 3546 Patri
1014 3492 1091 3560 suo(
1111 3489 1133 3557 ).
