2490 4088
585 111 723 168 -ld-

138 229 260 307 indiget.
276 233 435 314 Usualisltt
455 232 598 310 aiudice,
616 235 663 295 rel
686 249 741 294 sua
756 231 884 326 speciali
912 233 1082 332 sententia,
1097 251 1167 312 quae

138 319 234 380 instar
245 321 318 398 legis
332 328 377 382 est
389 323 467 384 inter
479 330 595 399 partes,
608 325 656 383 vel
668 323 885 384 consuetudine
901 339 1004 384 rerum
1015 330 1168 401 perpetuo

139 407 272 469 similiter
282 410 492 488 judicatorum,
505 431 571 489 quae
584 412 727 490 vimlegis
741 412 862 474 obtinet.
878 417 1003 474 ltemum
1012 413 1170 513 doctrina-

136 494 173 556 lis
186 497 390 575 interpretatio
404 501 468 560 fita
486 502 672 576 vectoribus,
692 517 783 579 quam
802 501 833 562 iu
851 501 1091 604 declaraturam,
1115 520 1167 606 ea·

139 587 292 658 teacinam,
307 595 334 647 ct
346 591 541 669 restrictione
553 590 611 668 ipsi
624 591 802 667 dispertiunt
814 595 874 667 .(l);
890 590 976 654 itaut
989 596 1080 652 otram
1096 597 1166 670 Epr-

140 673 232 736 cheiae
245 677 424 755 quandoque
437 681 490 740 fiat
502 681 610 752 locus(
630 688 652 754 ).

152 763 204 824 ‘si
216 766 318 840 plures
331 767 390 828 sint
404 770 494 844 leges,
514 788 580 846 quae
595 770 651 830 sibi
663 773 719 831 rite
734 787 796 830 non
813 775 990 848 consonent,
1008 771 1047 832 ad
1061 773 1166 836 unita-
1185 779 1187 787 ’

138 856 201 912 tem
214 856 355 933 praecepti
375 874 431 934 per
452 863 566 919 rectam
583 858 858 936 interpretationem
878 867 949 921 suut
967 861 1167 926 reducendae.

133 941 208 1002 Hinc
217 942 243 1002 si
256 961 359 1022 pugna
371 946 401 1006 iu
410 947 526 1023 legibus
536 948 690 1024 habeatur,
706 951 809 1024 regula
822 955 878 1024 est,
890 967 946 1028 per
960 951 1164 1054 posteriorem

132 1029 271 1108 derogari
284 1034 386 1110 priori,
402 1036 517 1098 etiamsi
528 1037 559 1096 ιιι
573 1038 733 1114 posteriori
745 1040 824 1100 nulla
838 1038 947 1118 prioris
960 1040 1011 1099 fiat
1024 1047 1161 1120 mentro;

130 1135 201 1181 nem
215 1123 265 1182 lex
279 1139 296 1182 a
309 1125 485 1201 legislatoris
501 1129 653 1188 voluntate
666 1129 728 1190 vim
746 1129 950 1206 consequitur,
966 1134 1006 1204 et,
1020 1129 1163 1232 haemu-

130 1213 199 1282 tata,
216 1211 265 1271 lex
281 1231 401 1290 quoque
424 1221 557 1276 mutetur
578 1234 702 1278 necesse
722 1224 777 1280 est.
798 1219 869 1279 ldeo
881 1221 967 1295 iuxta
981 1223 1162 1320 posterioris

127 1297 202 1372 legis
217 1299 442 1376 dispositionem
462 1305 545 1381 prior
564 1309 611 1366 vel
633 1307 664 1366 in
682 1312 756 1383 toto,
780 1309 829 1369 vel
847 1314 964 1368 tantum
978 1308 1115 1387 ardertur
1129 1325 1162 1369 m

127 1392 214 1462 parte
231 1414 238 1444 ι
253 1407 313 1465 quo
326 1393 430 1453 ultimo
445 1411 527 1469 casu,
543 1395 615 1455 dum
629 1397 680 1456 lex
693 1398 824 1457 aufertur
841 1397 872 1457 in
884 1403 980 1474 parte,
994 1397 1162 1498 confirma-

80 1502 84 1506 Α
127 1479 177 1534 tur
189 1475 220 1536 in
233 1479 462 1559 reliquis,J'uxta
474 1483 715 1562 illudzdcceptt'o
727 1487 832 1562 firmet
845 1488 982 1564 regulam
996 1487 1031 1546 ic
1041 1487 1160 1550 corebus
1214 1545 1215 1548 ,

126 1580 188 1624 ιιοιι
200 1570 348 1644 acceptis(
368 1577 390 1644 ).
610 1645 620 1669 4

162 1653 191 1714 Si
204 1673 277 1716 vero
290 1658 320 1717 in
333 1660 447 1736 legibus
455 1679 556 1739 pugna
565 1667 695 1741 perlecta
706 1684 768 1726 non
783 1667 831 1742 sit,
840 1669 879 1728 ad
893 1668 1061 1729 habendam
1073 1683 1158 1745 prae-
1205 1721 1208 1727 .

124 1743 203 1819 cepti
222 1745 375 1823 unitatem,
395 1751 464 1825 jura
478 1753 593 1826 iuribus
607 1762 677 1815 sunt
690 1757 911 1834 concordanda,
922 1777 982 1835 quo
997 1765 1157 1834 caveatur,

124 1839 270 1906 quantum
282 1837 348 1896 fleri
360 1844 469 1914 potest,
482 1843 594 1918 jurium
607 1849 764 1920 correctio,
781 1864 847 1923 quae
861 1848 973 1908 nedum
985 1855 1019 1909 ut
1036 1849 1154 1928 odiosa,

122 1921 176 1980 sed
188 1922 225 1980 ab
235 1923 303 1998 J'ure
317 1928 469 1988 communi
482 1932 664 2008 exorbitans,
677 1936 819 2012 bonoque
833 1937 994 2016 religioniS,
1011 1945 1041 2000 et
1053 1940 1156 2002 socie·
1221 1987 1228 2006 .

121 2009 190 2068 tatis
205 2013 362 2075 contraria.
382 2018 456 2077 Hinc
470 2020 551 2095 leges
569 2022 685 2096 priores
703 2031 774 2084 sunt
787 2044 842 2104 per
856 2030 1038 2103 posteriores
1056 2032 1153 2106 expli-

120 2097 233 2174 candae,
248 2106 278 2160 et
291 2103 472 2178 posteriores
485 2125 540 2182 per
554 2110 678 2184 priores,
704 2130 770 2188 quae
790 2121 895 2176 mutuo
914 2117 1103 2193 adjuvantur,
1120 2125 1153 2182 et

95 2242 98 2252 ,
119 2200 257 2263 corpore,
281 2197 310 2250 et
324 2193 432 2268 anima,
455 2195 567 2258 scilicet
583 2197 689 2276 littera,
704 2208 734 2261 et
754 2203 884 2280 ratione,
902 2207 998 2268 littera
1015 2209 1151 2289 quidem,

118 2274 260 2352 abrogata
274 2281 350 2356 lege,
365 2282 454 2357 perit,
475 2285 527 2344 sed
546 2287 630 2361 ratio,
652 2289 742 2352 etiam
756 2294 872 2354 sublata
885 2295 972 2373 lege,
986 2304 1019 2358 ut
1033 2300 1147 2378 anima,

117 2372 273 2442 perempto
291 2385 429 2446 corpore,
446 2374 621 2450 subsistite
638 2395 696 2455 qua
710 2384 942 2462 concordantia,
964 2393 994 2448 et
1012 2391 1151 2466 explica-

118 2449 206 2511 tionis
233 2466 440 2532 argumentum
466 2463 821 2532 sumitur.=Nihilominus
848 2476 930 2534 salva
958 2493 1078 2555 semper
1107 2483 1148 2543 sit

119 2546 238 2615 oportet
254 2546 416 2607 verborum
435 2552 611 2629 proprietas,
636 2558 705 2657 quia
726 2576 788 2619 non
804 2563 892 2624 debet
907 2565 1020 2626 admitti
1036 2569 1145 2630 volun-

113 2627 182 2687 tatis
202 2633 336 2708 quaestio,
351 2637 403 2696 ubi
415 2638 446 2710 in
460 2640 558 2700 verbis
572 2645 652 2704 nulla
671 2653 708 2707 sit
722 2651 898 2727 ambiguitas
914 2660 924 2728 (
943 2658 966 2726 ).

152 2717 181 2776 Si
193 2719 315 2782 demum
324 2725 374 2784 lex
388 2727 426 2787 sit
445 2730 583 2806 obscura,
604 2740 634 2793 et
653 2744 708 2812 pe'r
730 2739 818 2799 aliam
832 2751 961 2819 nequeat
985 2748 1144 2828 explicari,

31 2843 33 2847 -
116 2821 185 2865 cum
195 2811 372 2882 generaliter
384 2817 526 2893 loquitur,
539 2824 717 2896 generaliter
728 2828 873 2904 accipitur
881 2822 1145 2908 juxta'locutionis

114 2900 260 2973 naturam,
276 2906 306 2959 et
320 2902 430 2974 finem:
451 2909 561 2970 etenim
570 2912 657 2986 juxta
671 2917 823 2990 vulgattmr
833 2919 909 2995 juris
924 2925 1045 2986 effatum
1062 2947 1070 2988 :
1089 2928 1144 2990 Udi

114 2981 163 3041 lec
180 3001 242 3044 coa
264 2987 534 3072 destinandaeque
554 3015 608 3058 cos
629 3002 807 3079 distinguere
825 3009 963 3072 dedemus
984 3033 1078 3078 :cum
1100 3018 1142 3080 de

113 3086 174 3130 uno
188 3089 260 3134 casu
272 3077 410 3154 disponit,
422 3085 547 3145 trahitur
558 3089 596 3146 ad
607 3089 698 3150 elium
712 3109 854 3169 expresse
862 3098 998 3177 similem,
1014 3094 1045 3165 et
1058 3108 1141 3171 iden-

112 3159 214 3235 ticum,
233 3164 301 3238 quia
326 3167 377 3229 ubi
396 3171 501 3232 eadem
519 3181 564 3234 est
587 3177 672 3253 ratio,
687 3180 727 3240 ibi
745 3183 850 3245 eadem
871 3205 938 3250 esse
962 3193 1051 3255 debet
1060 3197 1141 3272 iuris

111 3247 278 3325 disposilio;
304 3261 334 3314 et
356 3274 425 3318 cum
438 3260 517 3320 aliud
531 3263 647 3342 videtur
668 3268 699 3328 in
713 3271 828 3334 ratione
842 3278 995 3356 exhibere,
1011 3283 1091 3345 aliud
1105 3287 1139 3352 in

109 3337 211 3412 verbu,
239 3343 338 3415 potius
370 3347 493 3408 verbum
518 3351 674 3416 intentioni
700 3361 864 3440 subjicitur,
891 3385 981 3444 quam
1009 3372 1136 3438 intentio

108 3424 201 3486 verbo
217 3428 281 3490 :ita
298 3438 332 3493 ut
345 3435 444 3510 potior
465 3437 503 3500 sit
521 3457 641 3520 semper
661 3447 795 3528 justitiae,
818 3461 848 3518 et
866 3457 1021 3538 aequitatis,
1042 3480 1134 3544 quam

108 3512 201 3576 stricti
211 3517 287 3594 juris
300 3521 376 3585 ratio
391 3529 401 3598 (
420 3531 443 3599 ).
737 3564 739 3570 ·
