2546 4082
637 149 798 208 435-

195 279 280 346 hujus
292 277 464 332 demoniis
480 277 691 344 superstitionis,
704 275 890 330 necessarium
899 273 1044 340 iudicavit,
1065 286 1142 326 nsum
1155 287 1209 326 ma-

197 351 322 417 gnetisrui
336 363 430 402 severe
444 349 615 414 interdicere,
629 351 656 401 ct
668 347 778 400 insimul
788 352 921 409 auctores,
937 348 1128 410 cooperatores,
1143 348 1167 396 ct
1180 346 1213 396 le-

197 425 285 473 ctores
299 422 404 486 punire.
418 419 497 472 Unde
512 421 539 470 in
553 420 695 484 Encyolica
708 420 743 470 ud
757 420 916 484 Episcopus,
940 421 967 468 ct
979 416 1155 482 inquisitores·
1165 421 1212 468 sta·

197 495 242 543 tus
256 490 389 542 Pontificii
402 491 456 542 diei
469 491 498 542 nt
524 491 579 542 mni
599 491 668 549 leet,
690 491 790 542 eisdem
811 489 951 556 precepit,
974 492 1116 540 utcontra
1136 488 1211 540 deliu-

197 567 310 628 queutes
333 561 510 629 procederent
532 562 687 622 summerie,
711 563 755 614 rie
776 561 950 622 oecunomica,
967 560 1088 624 inspecta
1101 559 1211 610 reineri·

198 637 262 695 tote,
281 633 383 698 praeaio
406 634 527 685 virorum
548 634 711 698 sapientum,
735 638 762 684 et
785 632 971 697 religiosorum
995 629 1115 688 consilio,
1137 630 1214 696 poeuis

197 703 418 770 proportionetis,
434 710 460 755 ct
477 707 559 756 etism
579 717 661 770 poene
685 703 811 761 carceris,
837 704 955 768 injuncto
971 715 1052 752 onere
1065 699 1213 752 certioreudi

199 777 287 842 ipsum
300 775 326 826 S.
342 775 590 839 Congreguticnem,
605 775 629 826 ei
641 774 852 826 circumstnutiae
865 773 1003 824 trahentes
1017 772 1141 824 haereslm
1152 773 1212 836 rigo·

202 859 294 898 rosum
305 847 385 911 juxta
398 859 490 898 sacros
503 859 621 898 conones
634 859 791 910 processum
808 843 984 910 postularent
1004 844 1037 894 In
1052 843 1106 894 ulie
1119 843 1212 894 demum

198 915 341 982 Encyclice
361 917 483 981 eiusdem
505 917 568 976 diei,
593 923 620 968 et
644 917 709 968 anui
727 917 760 969 ad
785 929 878 970 omnes
891 915 965 966 urhis
979 915 1136 980 Episcopos,
1149 920 1212 980 post·

198 1001 281 1054 quum
294 987 451 1052 declararit,
465 1002 514 1054 per
525 988 735 1053 magnetismum
747 1000 847 1040 cocum
869 985 1008 1052 quoddam
1031 983 1212 1050 necestitate

197 1072 280 1126 oenus
296 1057 396 1118 inuehi.
412 1060 525 1124 ejusque
539 1059 628 1110 medic
644 1059 757 1124 physica
770 1057 890 1109 ordinari
904 1056 940 1108 cd
958 1057 1064 1121 effectas
1077 1069 1131 1108 nort
1140 1059 1212 1108 natu-

198 1130 277 1189 ratcr,
295 1129 404 1182 eosdem
417 1129 518 1189 docuit,
532 1130 561 1181 in
577 1129 754 1194 magnetismo
775 1127 893 1194 reperiri
916 1125 1104 1192 acceptiorem
1117 1126 1212 1178 omnim

198 1199 332 1264 ttticitcm,
348 1202 373 1252 et
387 1199 574 1264 tereticctcm,
588 1205 613 1254 ct
627 1199 786 1252 scandatum
808 1203 906 1252 contra
926 1197 1093 1251 honestatem
1110 1209 1210 1250 ouran

202 1271 292 1334 Quare
306 1271 343 1324 cd
356 1274 465 1324 tontum
475 1272 554 1335 nesus
564 1275 591 1324 ct
603 1270 740 1336 retiatum,
760 1273 787 1324 et
805 1269 928 1323 societati
940 1268 1153 1334 infamissimum
1163 1267 1211 1332 ett-

200 1342 300 1396 cacitar
311 1341 485 1396 metendum
504 1343 650 1401 mandevit,
673 1348 705 1394 ut
728 1355 834 1394 omnem
859 1341 1047 1406 impenderent
1068 1354 1171 1405 operam
1184 1337 1212 1389 ad

200 1415 371 1477 magnetismi
387 1414 490 1465 ebusus
513 1413 707 1481 reprimendos,
724 1421 751 1464 et
764 1411 928 1470 evellendos,
943 1415 974 1462 ut
992 1411 1146 1463 Dominicus
1158 1423 1212 1475 grex

201 1483 392 1536 defenderetur
404 1485 439 1534 sb
454 1485 562 1536 inimico
577 1485 692 1548 homine,
709 1489 735 1535 et
746 1483 898 1548 depositum
912 1482 973 1533 iidei
987 1485 1100 1544 sortium,
1118 1485 1212 1534 tectum·

201 1567 255 1620 que
269 1555 458 1606 custodiretur.
474 1583 501 1593 —
515 1555 566 1620 (10)
577 1556 625 1608 Uti
639 1559 681 1606 est
693 1553 861 1618 degradatio,
875 1556 901 1605 et
921 1553 1030 1604 traditio
1044 1554 1127 1606 curiae
1139 1567 1212 1604 secu·

201 1623 260 1676 turi.
276 1627 337 1677 Bul.
352 1627 394 1677 cit.
411 1625 609 1689 leccatriae,
627 1628 773 1692 perpetuus
788 1638 889 1682 carcer,
907 1627 929 1676 si
952 1624 1097 1688 sortilegus
1110 1637 1155 1690 per
1166 1637 1213 1674 ma·

201 1696 318 1750 leileium
332 1697 461 1749 damnum
474 1698 595 1749 intulerit
605 1697 734 1748 notabile.
749 1697 809 1746 Bul.
826 1694 1021 1761 omnipotentis
1036 1695 1154 1760 Gregorii
1163 1693 1213 1757 XV,

202 1770 229 1820 et
252 1771 384 1834 perpetua
404 1769 548 1820 inhabilite
563 1769 597 1820 nd
610 1767 819 1820 celebrationem
835 1767 936 1831 Missae,
955 1768 979 1818 si
993 1767 1123 1818 sacrificio
1136 1766 1213 1816 Missae

202 1839 237 1890 ad
251 1840 389 1904 sortilegia
406 1855 473 1892 usus
495 1841 585 1892 inerit.
605 1841 710 1891 Dect-et.
726 1841 752 1890 S.
769 1838 956 1904 inquisitionis
969 1853 1012 1890 eu.
1028 1839 1098 1903 liti,
1112 1837 1213 1889 edene-

202 1911 274 1964 dicto
283 1909 349 1964 XIV
361 1911 510 1990 oonllrmat.
527 1911 654 1964 Giraldus
668 1911 704 1963 sd
717 1911 759 1962 tit.
774 1910 809 1962 de
821 1911 906 1962 sordi.

238 2108 301 2165 266.
317 2103 430 2165 lielicta
442 2119 525 2164 mere
544 2104 758 2178 ecclesiastice,
775 2103 838 2163 sive
853 2121 872 2162 e
890 2103 1021 2177 clericis,
1037 2103 1100 2164 sive
1114 2100 1213 2162 aluicie

203 2200 319 2269 patratu
333 2209 388 2270 per
403 2192 534 2269 judicem
551 2193 787 2253 ecclesiasticum
802 2193 890 2268 iuxta
910 2207 1067 2252 sacrorum
1081 2205 1212 2251 mucrene

203 2281 429 2358 dispositionem
443 2282 665 2358 cognoscenda,
678 2288 709 2341 et
722 2281 874 2357 punienda
888 2287 967 2340 sunt.
978 2281 1165 2341 Nihilominus
1173 2279 1214 2340 ui·

202 2377 250 2429 tre
269 2369 399 2430 debitam
421 2370 556 2446 eJusdem
577 2369 867 2430 animadversionem
889 2370 1073 2446 quaudoque
1095 2368 1210 2446 ujudice

204 2457 283 2518 civili
298 2459 396 2518 adhuc
409 2466 601 2532 coercentur3
626 2463 656 2518 et
671 2457 792 2534 quidem
812 2457 843 2516 in
862 2458 948 2517 laicis
961 2459 1027 2518 siue
1041 2458 1209 2518 distinctione

204 2545 235 2605 in
248 2547 309 2606 vim
321 2548 423 2622 legum
437 2545 582 2618 civilimn3
598 2547 629 2606 in
641 2545 760 2606 Clem'cis
771 2563 844 2606 vero
856 2563 893 2606 eo
905 2555 1020 2608 tentum
1032 2565 1113 2623 cesa,
1126 2549 1153 2606 iu
1161 2561 1208 2622 quc

154 2649 157 2659 ¹
204 2634 302 2710 agitur
319 2635 357 2694 de
375 2633 485 2695 delicto
503 2635 698 2711 privilegiata,
714 2637 760 2695 vel
781 2641 908 2712 excepto
930 2653 970 2698 ex
989 2636 1137 2698 Pondlleis
1154 2647 1207 2694 cum

205 2722 340 2800 Principe
354 2723 552 2784 conventione
567 2730 618 2799 (l).

236 2881 272 2947 (l)
288 2881 384 2935 Devoti
398 2881 465 2932 Inst.
482 2893 539 2933 ocu.
556 2881 604 2935 lib.
617 2882 642 2947 l,
656 2883 669 2948 ξ
682 2883 696 2934 5
713 2883 740 2935 et
750 2893 824 2949 seqq.
