2468 4090
468 224 630 282 -197—

32 344 193 408 devolvitur
209 345 239 404 in
259 343 435 421 capitulum,
452 350 482 405 et
502 343 644 420 deinceps
656 342 686 402 in
701 340 847 406 vicarium
860 344 1053 421 capitularem

33 436 161 509 regulam
182 432 339 493 statuimus
360 433 401 492 ita
422 438 599 508 conceptam
622 451 629 490 :
653 430 834 507 Cupitulrun,
854 434 900 494 vel
926 435 1056 496 Vlcort'us

34 523 219 598 Cupituloris,
232 523 297 582 sede
311 522 465 598 episcopali
477 528 609 590 coeoote,
623 520 749 580 succedit
764 522 889 598 episcopo
904 523 939 582 ia
958 523 1056 584 omoi-

33 611 88 686 bus,
102 630 168 688 quta
179 612 328 688 pertinent
340 612 379 670 ud
390 617 563 688 potestatem
578 608 795 685 jurisdictionis
808 610 978 682 ordinaria,
991 620 1057 673 trun

33 701 61 760 iu
78 703 146 776 soro
164 703 292 770 tuter-oo,
315 707 380 760 trun
402 700 436 760 c'o
457 701 522 775 soro
547 706 677 768 caterno,
706 704 769 756 tom
787 698 822 756 bu
841 698 1055 776 spiritualim,

34 807 116 865 ouum
137 791 172 850 a'o
191 790 410 865 temporalibus,
433 789 471 848 its
494 787 629 864 acceptis,
643 802 706 862 qua
724 787 758 846 t'o
772 786 844 862 p'uro
864 789 1057 863 reperiuntur

33 887 187 939 reseruata.
213 883 283 938 llaec
302 879 416 954 regula,
440 877 510 937 licet
527 875 715 954 appositores
728 874 845 948 habeat,
860 877 1057 939 communiori

34 969 154 1028 radatur
166 973 329 1027 Doctorum
343 968 467 1039 calculo,
483 972 513 1026 et
527 965 598 1024 satis
612 964 699 1024 firma
713 969 743 1024 et
755 963 878 1026 fiindata
889 963 998 1042 injure
1011 967 1056 1026 vi·

35 1054 125 1129 detur,
141 1073 160 1115 a
173 1073 233 1131 quo
247 1055 396 1126 statuitur,
418 1053 657 1130 jurisdictionem
671 1051 815 1128 episcopi,
827 1052 951 1129 ejusque
965 1054 1058 1114 admi·

34 1142 233 1204 nistrationem
246 1144 277 1202 iu
289 1142 490 1220 spiritualibus
505 1149 535 1202 et
546 1141 773 1219 temporalibus,
789 1140 860 1201 sede
875 1147 1012 1216 vacante,
1027 1143 1058 1202 in

37 1231 192 1308 capitulum
202 1232 337 1293 ecclesiae
351 1231 530 1294 cathedralis
543 1230 722 1305 transireat
733 1229 772 1290 ad
783 1230 883 1306 ipsum
897 1229 1059 1306 capitulum

39 1322 204 1396 pertinere(
225 1326 246 1392 ).

69 1412 179 1486 Regula
189 1409 321 1485 loquitur
333 1409 370 1470 de
380 1414 528 1487 potestate
536 1406 761 1484 jurisdictionis,
770 1405 898 1484 ideoque
907 1419 1059 1466 noncom·

39 1498 190 1570 prehendit
204 1504 384 1573 potestatem
398 1496 521 1570 ordinis,
533 1503 566 1557 ut
576 1502 623 1556 est
636 1513 814 1556 consecrare
823 1495 976 1570 ecclesias,
987 1511 1059 1555 ron·

40 1586 151 1648 firmare
160 1588 277 1661 fideles,
285 1588 425 1647 ordinare
440 1587 577 1658 clericos,
590 1593 646 1646 etc.
660 1585 854 1646 Nihilominus
868 1602 938 1645 cum
952 1585 1061 1646 horum

40 1675 209 1734 exercitium
221 1693 261 1735 ex
272 1673 484 1751 jurisdictionis
498 1680 644 1750 potestate
655 1690 775 1749 quoque
789 1674 966 1750 dependeat,
979 1674 1059 1750 capi-

40 1765 135 1825 tularis
154 1764 286 1824 vicarius
308 1770 406 1840 potest
426 1779 616 1840 quocumque
638 1769 772 1838 tempore
786 1769 964 1824 extraneum
977 1763 1061 1824 adhi-

40 1852 103 1912 bere
117 1853 293 1930 episcopum
313 1853 351 1912 ad
371 1853 437 1912 baec
460 1851 641 1928 peragenda,
664 1857 793 1926 excepta
815 1851 954 1911 ordinum
968 1853 1061 1912 colla·

40 1940 122 2017 tione,
138 1927 280 2018 adquam
299 1958 359 2000 non
380 1946 480 2016 potest
500 1939 612 1999 litteras
627 1939 808 1999 dimissorias
823 1940 905 2013 dare,
922 1940 978 2000 nisi
992 1947 1062 2018 post

41 2046 143 2090 annum
159 2050 177 2090 a
191 2031 238 2091 die
252 2030 413 2090 vacationis
425 2029 515 2102 sedis,
530 2028 581 2088 ubi
594 2028 632 2088 de
647 2027 767 2088 arctatis
782 2045 842 2088 non
857 2029 956 2105 agitur
971 2037 981 2104 (
1002 2036 1023 2104 ).

70 2122 179 2196 Regula
205 2120 336 2195 loquitur
359 2119 396 2178 de
420 2116 626 2194 jurisdictione
650 2116 815 2191 ordinaria,
843 2117 972 2194 ideoque
999 2137 1061 2180 non

41 2209 259 2286 comprehendit
273 2225 317 2279 ea,
334 2223 402 2284 quta
416 2206 546 2282 speciali,
565 2213 595 2265 et
608 2205 757 2282 personali
772 2205 926 2282 privilegio
939 2208 1062 2268 luerunt

41 2297 175 2374 episcopo
194 2313 347 2369 concessa,
372 2295 441 2372 quia
459 2293 646 2370 privilegium
667 2296 826 2370 personale
838 2312 1000 2372 personam
1013 2314 1061 2357 se-

41 2386 143 2462 quitur,
157 2394 188 2446 ct
201 2385 384 2461 extinguitur
406 2401 475 2444 omn
489 2400 619 2459 persona
634 2387 685 2457 (3);
701 2389 731 2444 et
745 2400 806 2443 non
829 2385 1058 2459 comprehendit

41 2489 80 2548 ea,
103 2475 134 2534 in
159 2475 267 2551 quibus
285 2474 443 2550 episcopus
460 2473 597 2548 procedit
614 2479 766 2549 tamquam
784 2472 919 2548 specialis
932 2478 963 2533 S.
977 2474 1062 2534 Sedis

41 2558 185 2638 delegatus
200 2563 252 2634 (t),
271 2561 340 2636 quia
357 2559 387 2619 in
410 2560 456 2620 liis
475 2562 555 2620 nulla
576 2567 622 2621 est
646 2561 817 2621 communio
839 2562 916 2622 inter
940 2562 1060 2640 episco-

41 2662 103 2721 pum
117 2656 147 2710 et
163 2648 335 2725 capitulum,
351 2655 381 2709 et
394 2651 476 2710 nulla
489 2649 615 2726 proinde
629 2650 718 2710 debet
731 2667 798 2710 esse
811 2650 962 2712 successio
977 2655 1028 2723 (b).

70 2741 180 2815 Regula
201 2738 428 2813 comprehendit
449 2755 495 2808 ea,
519 2754 586 2814 quae
608 2738 759 2814 pertinent
781 2739 819 2799 ad
842 2740 942 2800 lorum
967 2739 1058 2801 inter·

41 2842 115 2903 num,
131 2827 175 2888 uti
190 2834 236 2887 est
249 2827 418 2903 approbare
433 2825 631 2887 confessarios
651 2831 706 2901 (6),
729 2827 885 2888 absolvere
905 2846 923 2887 a
943 2827 1062 2888 casibus

41 2918 178 2993 episcopo
192 2916 349 2976 reservatis
370 2921 422 2990 (7),
443 2923 514 2975 vota
535 2933 596 2975 non
610 2921 762 2976 reservata
777 2922 973 2989 commutare,
988 2923 1018 2976 ct
1030 2915 1060 2976 in

41 3001 89 3065 illis
102 3005 221 3066 casibus
235 3004 419 3080 dispensare,
434 3003 465 3062 iu
479 2997 586 3080 quibus
600 3005 759 3081 episcopus
773 3011 921 3080 potestate
941 3003 1060 3064 ordina-

41 3093 77 3152 ria
90 3096 243 3170 dispensat
258 3098 309 3166 (8).
327 3093 556 3169 comprehendit
575 3111 611 3154 ea
630 3110 760 3170 quoque,
783 3110 849 3168 quae
863 3094 1012 3168 pertinent
1022 3093 1061 3153 ad

41 3181 131 3242 lorum
145 3189 313 3256 externum,
323 3189 356 3241 ut
370 3183 457 3243 estin
472 3181 649 3242 criminosos
657 3180 817 3259 inquirere,
830 3187 859 3241 et
869 3199 974 3241 causas
988 3199 1060 3258 cog-

41 3270 264 3331 noscere'etiam
280 3269 510 3330 matrimoniales
529 3274 585 3343 (9);
599 3271 643 3330 uti
659 3276 706 3330 est
719 3269 837 3330 visitare
851 3269 1015 3344 dioecesim,
1030 3275 1060 3329 et

42 3360 183 3435 synodum
196 3357 397 3419 dioecesanam
411 3375 520 3433 cogere
536 3366 604 3433 post
618 3375 728 3417 annium
743 3359 781 3417 ab
795 3357 898 3418 ultima
912 3357 1061 3416 celebrata

43 3450 152 3523 synodo
165 3453 238 3521 (to),
256 3452 288 3505 ut
304 3453 350 3506 est
363 3447 451 3506 etiam
466 3447 597 3506 condere
612 3448 719 3518 edicta,
734 3463 801 3523 quae
817 3454 911 3506 totam
929 3445 1061 3521 obligent

42 3535 199 3610 dioecesim,
210 3552 336 3612 quaequa
350 3532 411 3594 vim
425 3535 553 3594 habeant
565 3534 595 3595 in
607 3542 726 3612 tempus
741 3552 861 3612 quoque
875 3534 1060 3597 successoris

43 3625 180 3702 episcopi,
194 3624 250 3684 nisi
263 3630 444 3684 revocentur
458 3625 528 3694 (tl).
637 3631 643 3642 ‘
