2468 4090
617 131 777 216 -r'rs-

179 277 260 358 qnod
282 275 424 338 advene
447 277 529 339 clero
548 284 733 356 proponatur
753 281 806 354 (1),
827 283 858 340 et
881 277 984 340 clerici
1002 293 1123 340 omnes
1151 289 1220 338 anre

179 367 283 428 oculos
299 365 355 426 sibi
365 373 480 443 ponant
493 384 618 428 neeesse
632 367 670 428 sit
690 366 757 428 vitae
777 367 934 442 rationem,
953 385 1048 446 quem
1072 365 1220 428 canonici

178 461 343 532 sequuntur
356 459 415 530 (2),
431 455 585 518 sedetiam
596 463 630 516 ut
640 457 801 534 peculiaria
814 457 870 517 sibi
884 459 978 534 alege
992 457 1144 533 imposita
1159 459 1219 518 offl-

179 543 226 604 eia
238 550 367 605 servent.
387 549 423 606 st
437 544 545 622 primo,
570 551 711 606 tenentur
732 546 893 606 observare
915 547 1074 612 decretum
1099 545 1220 606 conchii

179 631 339 694 Tridentini
349 634 387 694 de
400 633 560 695 residentia
579 633 626 694 his
639 633 740 694 verbis
757 641 936 710 conceptum
951 655 957 694 :
973 637 1135 695 Praeterea
1148 636 1217 694 ebt'u

179 722 316 782 uentibus
328 723 362 784 in
373 721 479 784 iisdem
492 723 718 794 cathedralibus,
731 731 785 784 eut
800 723 958 800 coltepietir
972 725 1155 800 dunitetcs,
1172 741 1217 783 ru-

178 811 346 886 nenhetus,
353 812 532 888 prudentius,
546 820 601 872 eut
611 813 758 890 portiones
770 813 927 872 conticere
940 813 1041 889 cuore
1055 813 1216 890 crspsutihet

179 902 295 975 statuti,
308 909 363 962 eut
375 902 606 975 consuetudinis,
621 901 705 962 ultre
729 909 786 960 tres
804 917 929 975 menses,
939 901 977 962 ch
990 903 1104 962 iisdem
1121 901 1219 961 Eccle-

179 989 232 1052 siis
246 991 370 1068 quelibet
382 1007 462 1050 enno
484 989 591 1064 cheren
614 989 704 1050 seteis
725 989 922 1050 nihilominus
947 1006 1058 1050 cerunt
1073 991 1218 1050 Ecclcsiu

180 1097 253 1154 rum
267 1077 609 1156 contentionibusque
629 1077 744 1154 lonpius
758 1078 871 1138 seruitii
896 1086 1011 1156 teinpus
1030 1081 1217 1156 requirunt,·

181 1169 316 1245 uiieeuin
325 1167 424 1245 prinae
438 1183 519 1228 enne
530 1168 666 1243 privetur
679 1167 880 1244 unusquuque
895 1167 1022 1227 dimidiu
1036 1176 1129 1244 perte
1149 1169 1214 1243 sna

182 1265 297 1332 ctuum,
315 1271 387 1334 ques
400 1257 515 1317 ratione
530 1257 620 1316 etiem
632 1256 799 1332 prehende,
816 1273 851 1316 ec
863 1256 1030 1316 residcmie
1044 1259 1119 1333 fecit
1136 1255 1213 1316 sues.

185 1345 268 1418 Quod
279 1346 306 1406 si
316 1346 426 1406 iterum
440 1345 541 1405 swern
554 1345 647 1420 suern
664 1361 737 1406 usur
758 1345 945 1422 neptucntiu,
963 1345 1104 1422 privetur
1118 1345 1213 1406 eruut

183 1433 237 1496 bus
249 1433 406 1516 [nutibus
418 1449 490 1511 ques
503 1433 603 1494 cedent
615 1450 696 1494 enne
716 1433 849 1494 lucretus
862 1435 965 1510 fueri.
983 1433 1143 1516 Crescente
1152 1450 1214 1494 vcro

184 1523 381 1597 contumacia,
392 1529 496 1584 contre
509 1539 555 1584 ces
561 1521 655 1600 juste
664 1539 824 1584 secreuuu
833 1539 983 1584 cenenum
991 1523 1216 1584 constitutiones

183 1613 361 1692 pendetur
375 1615 426 1685 (s).

146 1767 154 1783 ,ι
221 1701 358 1780 Sequitur
372 1717 412 1761 ex
436 1700 495 1762 hoc
509 1701 642 1775 decreto,
664 1699 859 1762 ecclesiarum
882 1701 1103 1761 cathedralium
1127 1717 1216 1760 cane-

186 1787 272 1852 niees
294 1782 404 1851 debere
427 1806 483 1866 per
511 1806 621 1850 novem
643 1807 763 1850 menses
788 1789 819 1850 in
843 1806 948 1850 eorum
978 1790 1123 1850 Ecclesiis
1145 1789 1213 1849 resi-

187 1879 269 1954 dere,
284 1878 342 1940 nisi
354 1879 472 1956 longius
486 1878 597 1940 servitii
610 1884 729 1962 tempus
749 1877 902 1955 requirant
919 1877 1054 1954 ipsarum
1068 1877 1214 1938 Ecclesia·

186 1984 256 2029 rum
269 1967 507 2042 constitutiones,
522 1973 552 2028 et
572 1967 813 2041 consuetudines,
834 1985 900 2044 quae
914 1967 1004 2028 etiam
1017 1973 1089 2043 pest
1114 1966 1213 2026 eonci-

187 2055 260 2118 lium
274 2063 344 2118 sunt
362 2057 579 2131 observandae3
603 2056 702 2116 minus
728 2073 801 2116 vere
823 2055 935 2117 seruitii
956 2063 1074 2132 tempus
1094 2056 1213 2117 omnine

187 2148 376 2224 reprobatur,
392 2145 482 2206 etiam
493 2163 584 2206 cansa
595 2144 706 2220 statuti,
722 2152 774 2206 aut
792 2145 1014 2206 consuetudinis
1023 2152 1093 2206 utut
1112 2147 1210 2206 imme

189 2235 356 2312 morabilis,
385 2252 452 2314 quae
473 2241 587 2296 tantum
608 2251 647 2298 ex
670 2235 779 2298 summi
804 2234 954 2298 Pontificio
973 2234 1091 2295 indulte
1115 2239 1212 2312 posset

189 2323 339 2388 sustineri.

109 2485 114 2490 “
221 2484 265 2551 (Ι)
273 2485 419 2552 Propterea
431 2485 463 2534 ut
474 2481 536 2548 quie
550 2481 578 2532 in
597 2481 690 2534 eibum
710 2481 906 2534 canonicorum
929 2481 1032 2533 assumi
1054 2480 1154 2548 possit,
1170 2479 1210 2529 de·

191 2558 259 2610 het:
252 2556 300 2606 ··i
314 2555 423 2607 Habere
437 2554 560 2606 ordinem
573 2553 741 2604 cenenrcetnr
752 2553 896 2606 adnexum
911 2553 953 2604 vei
968 2553 1062 2604 saltem
1079 2552 1207 2619 capaciti-

192 2634 247 2681 tem
262 2627 296 2678 ad
310 2627 386 2678 ilium
401 2627 473 2677 intra
486 2639 585 2676 annum
600 2624 793 2691 recipiendum,
809 2628 836 2676 et
849 2628 1045 2696 consequenter
1056 2625 1140 2676 etiam
1152 2625 1208 2673 setu-

191 2708 247 2752 tem
260 2699 295 2750 ad
308 2699 386 2750 illurn
406 2698 478 2748 intra
503 2710 603 2748 annum
626 2696 852 2760 assequendum.
867 2688 1002 2761 excipitur
1020 2697 1111 2747 tamen
1128 2705 1206 2752 casus,

192 2771 222 2822 in
235 2783 288 2837 que
303 2773 399 2834 egetur
412 2768 445 2820 de
459 2769 618 2819 canonicatu
634 2766 761 2818 Ecclesiae
777 2767 941 2833 Cethegiatae,
956 2767 999 2818 cui
1014 2767 1108 2818 nullus
1124 2766 1158 2818 sit
1170 2762 1227 2818 ad·

152 2881 160 2890 ,
192 2855 279 2894 nexus
293 2841 367 2905 orde,
384 2839 447 2906 qnia
460 2842 524 2890 tune
548 2844 614 2890 aetas
636 2838 839 2903 quatuordeeim
859 2853 992 2891 annorum
1012 2839 1121 2890 suffieit.
1142 2835 1205 2888 Trid.

191 2913 268 2966 Sese.
283 2913 324 2974 ih,
337 2925 360 2963 c.
380 2912 425 2972 ii,
438 2909 549 2962 etSess.
566 2910 607 2976 ts,
623 2910 684 2972 c.,6
698 2909 732 2962 de
745 2909 794 2961 rei
810 2909 837 2960 i
852 2910 939 2962 Debet
948 2925 1047 2962 eximia
1063 2909 1204 2976 integritate

192 2986 265 3048 vitae,
276 2997 392 3046 merum,
409 2986 436 3034 et
457 2982 519 3034 fidei
540 2981 651 3047 pellere,
674 2981 709 3032 ad
737 2994 817 3047 uuam
833 2981 1030 3046 probandsma
1047 2981 1204 3039 Tridentino,

193 3057 299 3121 cogitur
308 3055 343 3106 sd
357 3053 512 3106 selemniter
522 3053 716 3118 professionem
724 3051 799 3103 rinei
815 3053 1000 3106 emittendam.
1011 3053 1087 3105 Trid
1098 3055 1141 3105 eit.
1156 3063 1227 3142 cap

194 3127 233 3179 ii.
249 3128 276 3178 3·
292 3125 378 3178 Debet
393 3125 471 3176 inS.
488 3125 642 3190 theologia,
664 3132 691 3176 et
712 3123 788 3176 duris
807 3125 928 3176 canonici
942 3125 1056 3177 scientia
1072 3107 1227 3181 excellere,
1226 3143 1227 3182 t

192 3201 224 3251 ut
238 3199 328 3260 iidem,
341 3198 480 3262 honosque
492 3209 581 3248 mores
595 3209 753 3261 promovere
779 3197 873 3261 possit.
889 3197 980 3248 thc
972 3211 1063 3262 ipsum
1083 3191 1227 3246 Tridenti-

192 3281 259 3322 num
272 3269 403 3328 hortatur,
414 3270 445 3319 ut
459 3266 604 3332 drpnitetes
618 3279 716 3329 cernes,
737 3269 761 3320 ct
782 3267 876 3320 saltem
891 3267 1009 3319 dimidie
1027 3279 1092 3332 pers
1107 3261 1204 3320 conui-

193 3337 329 3394 eetuum
317 3353 348 3391 tn
358 3337 554 3391 cathedralibus
567 3336 897 3402 haereseorumque
910 3338 1058 3404 insipnihus
1072 3337 1202 3420 consuas

193 3413 241 3465 tur
256 3413 365 3464 tuntum
377 3407 749 3475 mepistris,uet1)ectenhus
763 3413 812 3463 eut
827 3408 911 3462 etiem
924 3409 1104 3462 licentiatis
1092 3422 1122 3462 sn
1135 3406 1227 3461 Theo·

192 3481 274 3547 tept'u,
284 3480 401 3535 ustiure
416 3479 554 3534 munite.
564 3479 638 3532 Trid.
650 3480 695 3531 cit.
714 3494 820 3546 cap-
833 3481 869 3545 (i)
883 3481 1048 3534 Benedictus
1062 3480 1133 3544 xiv,
1146 3479 1227 3530 lnst
1226 3499 1227 3538 p

196 3551 250 3618 107,
264 3566 292 3605 n.
306 3553 369 3605 i.-
390 3550 426 3618 (³)
445 3551 520 3606 Trid.
539 3551 612 3606 Sese.
625 3551 665 3614 tr,
680 3565 703 3606 c
724 3551 760 3619 rt,
772 3552 805 3604 de
817 3551 868 3606 ref
1226 3599 1227 3606 ,

1222 3817 1227 4062 i
