2490 4088
634 217 776 275 ..90-

223 339 259 406 (1)
272 339 359 405 Hujus
374 339 413 390 rei
427 337 611 390 testimouium
624 339 756 391 hebernus
771 341 798 390 in
812 339 981 392 catechismo
999 340 1081 392 Cone.
1096 341 1172 392 Trid.
1187 341 1220 392 de

192 411 251 464 ord.
267 424 321 462 seo.
341 423 369 467 n.
394 409 430 469 tt,
449 411 477 460 in
497 425 550 476 quo
570 410 669 462 dicitur
685 411 713 463 S.
728 411 839 462 Petrum
859 411 1050 476 Apostolorum
1067 415 1220 478 principem

191 487 329 535 tonsuram
343 481 503 547 instituisse,
518 483 597 548 cujus
614 483 639 534 S.
654 483 785 534 Anicetus
798 482 921 533 meminit
932 483 960 532 in
975 497 1035 534 cen.
1047 484 1091 546 21,
1101 484 1164 535 dist.
1180 485 1219 546 23,

192 557 219 608 et
231 555 258 606 S.
275 553 455 617 Hieronymus
470 555 498 604 in
515 567 573 604 eeu.
589 554 613 616 7,
628 568 651 604 c.
668 553 708 616 tt,
726 569 752 619 q.
767 553 777 602 l
797 555 825 604 et
837 553 981 605 concilium
996 555 1180 606 Laterenense
1194 557 1221 605 in

193 639 253 692 cap.
272 626 302 675 15
319 625 352 676 de
374 624 421 675 vit.
437 632 464 676 et
484 623 588 675 honest.
606 624 671 676 cler.
690 625 738 676 ubi
756 623 858 689 statuit,
878 629 910 675 ut
929 625 1021 676 clerici
1039 639 1179 684 coronam,
1195 630 1218 680 et

191 701 333 751 tonsuram
345 693 461 748 babeant
476 698 675 760 conpruentem.
689 695 729 747 lix
742 695 786 746 bis
804 694 910 746 concilii
923 697 1117 748 Latereuensis
1130 699 1219 749 verbis

192 770 317 833 apparet,
332 779 458 818 coronam
479 771 506 818 et
529 773 667 817 tonsorem
688 780 748 818 esse
771 765 823 817 duo
847 767 962 831 diversa,
975 770 1004 819 ut
1024 769 1220 820 eDoetoribus

194 839 320 890 traditur.
340 838 444 889 (torona
460 837 568 903 quidem
581 838 711 889 circulum
731 836 832 888 iudicat
845 838 874 888 iu
887 838 988 890 vertice
1002 839 1110 904 capitis,
1125 840 1154 891 in
1169 855 1219 906 quo

196 909 285 960 crinas
298 908 331 960 ad
346 911 434 959 eutem
445 907 631 959 abraduntur:
647 911 757 960 tonsura
770 921 833 959 vero
847 909 980 973 siguificat
995 910 1133 976 reliquum
1147 912 1219 976 capi-

194 981 239 1043 tis,
254 981 284 1030 in
295 993 348 1046 quo
363 979 401 1030 ita
414 979 503 1030 oriues
518 977 655 1037 denudati,
671 983 718 1030 aut
730 979 829 1030 attonsi
843 983 984 1046 geruntur,
998 985 1029 1032 ut
1049 979 1156 1032 nullam
1171 983 1219 1032 ba-

193 1051 277 1102 beant
291 1051 432 1110 culturem,
446 1063 580 1115 auresque
593 1054 712 1114 pateant.
727 1050 792 1102 Gen.
805 1049 846 1116 32,
861 1050 924 1103 dist.
937 1052 978 1115 23,
989 1054 1016 1103 et
1031 1052 1102 1104 bull.
1112 1049 1149 1106 In
1157 1053 1220 1118 Apo

193 1121 291 1176 sirtica
302 1121 420 1187 Eugenii
436 1121 485 1174 tv.

228 1303 273 1359 80.
293 1299 353 1359 Sub
372 1296 490 1358 babitus
510 1297 655 1358 clericalis
674 1297 794 1357 nomine
811 1296 872 1357 duo
886 1297 1217 1374 compreebeuduutur:

194 1405 302 1464 nempe
316 1385 440 1446 vestitus
458 1386 594 1461 qualitas,
611 1392 642 1446 et
659 1392 783 1446 externe
802 1387 908 1461 egendi
930 1387 1015 1446 ratio.
1037 1392 1080 1447 be
1095 1395 1220 1464 utroque

195 1475 313 1540 concilii
327 1475 486 1536 Tridentini
496 1475 722 1552 dispositionem
731 1475 875 1536 babemus
887 1495 893 1534 :
907 1477 944 1536 de
951 1475 1047 1552 prima
1055 1477 1098 1536 ita
1108 1478 1219 1537 statuit:

195 1567 260 1627 Etsi
273 1565 390 1626 babitus
404 1580 466 1624 non
478 1565 571 1640 [ariol
584 1565 775 1634 monachum,
798 1571 909 1640 oportet
922 1572 1022 1624 tamen
1043 1565 1162 1626 clericos
1175 1583 1219 1626 oo-

194 1663 251 1716 steo
264 1653 382 1730 proprio
392 1660 582 1728 conpruentrs
592 1653 690 1712 ordini
698 1669 811 1728 semper
824 1654 946 1734 deferre,
954 1660 989 1712 ut
995 1671 1051 1730 per
1060 1654 1220 1714 decentiam

195 1743 312 1804 babitus
329 1743 485 1802 intrinseci
503 1757 624 1802 rnornrn
638 1743 821 1801 honestatem
845 1741 1039 1801 intrinsecam
1055 1744 1218 1804 ostendunt.

195 1837 247 1905 (t).
263 1836 304 1890 be
322 1830 453 1890 secunda
471 1847 543 1889 vero
562 1829 603 1890 ita
617 1829 766 1906 disponit:
792 1829 843 1890 Sic
862 1830 938 1889 decet
959 1829 1113 1892 elericos...
1133 1833 1221 1892 uitnrn

195 1935 346 1994 moresque
366 1925 434 1978 ruer
453 1935 553 1978 ornnes
574 1935 752 1995 cormponere,
775 1926 809 1978 nt
837 1918 950 1988 babitu,
975 1927 1068 1994 postu,
1098 1922 1220 1992 incessu,

194 2023 337 2077 sermone,
352 2007 475 2082 aliisque
488 2008 623 2066 omnibns
637 2007 722 2066 rebus
735 2007 779 2066 nil
794 2008 853 2066 nisi
868 2023 965 2083 praue,
981 2008 1172 2070 moderatum
1188 2025 1220 2068 uc

194 2096 333 2172 relipione
344 2096 468 2172 plennnt
478 2111 540 2170 prae
551 2112 580 2155 se
591 2098 692 2172 ferent
715 2099 765 2167 (t).
787 2101 856 2154 llaec
870 2097 1004 2171 protecto
1018 2103 1147 2157 externa
1161 2115 1220 2157 om-

196 2185 252 2258 nia,
268 2184 294 2244 si
307 2183 535 2258 inconcinniter,
557 2184 582 2243 si
604 2184 691 2244 nimis
711 2183 881 2257 artificiose,
903 2183 929 2242 si
945 2177 1051 2244 uitiosa
1074 2203 1094 2244 a
1109 2186 1220 2246 clericis

195 2275 278 2348 liant,
300 2275 409 2333 malam
427 2273 566 2348 ingerunt
584 2272 614 2331 iu
629 2274 740 2348 populo
762 2273 799 2332 de
819 2289 924 2333 eorum
941 2272 1058 2333 interne
1076 2276 1220 2350 probitate

196 2364 408 2439 conjecturam,
418 2378 487 2422 eum
498 2361 751 2436 dieatseriptura:
764 2361 810 2420 En
818 2362 884 2420 otiu
895 2362 1076 2437 copnoscitur
1087 2364 1144 2434 uir,
1155 2372 1180 2424 et
1189 2363 1220 2422 ub

197 2468 320 2511 occursu
339 2451 425 2526 faciei
438 2451 619 2526 copnoscitur
638 2457 783 2510 sensatur.
801 2450 933 2510 Antictue
952 2452 1090 2527 corporis,
1108 2459 1135 2511 et
1147 2453 1221 2512 rnre

197 2540 341 2614 dentium,
359 2547 385 2598 et
398 2540 547 2616 inpressos
560 2538 688 2598 bortrinis
703 2539 863 2598 enuntient
876 2539 910 2597 de
923 2539 974 2598 illo
991 2542 1001 2610 (
1020 2548 1042 2610 i.

232 2635 333 2690 Vestes
347 2627 553 2688 clericoruma
567 2627 697 2686 vestibus
707 2626 1064 2686 communibuslaicorum
1074 2645 1132 2704 per
1142 2630 1221 2704 ptura

198 2718 335 2778 Ecetetiae
351 2719 461 2776 saeculo
480 2733 540 2776 nou
558 2714 735 2776 differebant
747 2717 853 2789 forma,
869 2715 937 2776 lieet
949 2715 1104 2777 differrant
1115 2717 1221 2793 simpli-

198 2806 286 2866 citate
309 2815 339 2866 et
355 2805 510 2866 modestia.
531 2805 589 2865 Sed
611 2821 680 2864 oum
705 2803 771 2864 laioi
797 2812 896 2864 restes
916 2806 1060 2880 oblongos
1086 2807 1219 2882 abjicere,

198 2911 273 2970 ques
297 2893 421 2954 induere
447 2894 592 2965 solebant,
621 2899 651 2952 et
681 2892 867 2953 brevioribus
889 2894 1051 2970 coepissent
1073 2895 1218 2966 delectari,

198 2981 330 3043 Ecclesia
351 2981 468 3042 clericis
487 2981 649 3058 probibuit,
668 2998 706 3041 ne
733 2981 898 3042 neotericus
919 2982 1010 3042 hasce
1030 2983 1237 3054 barbarorum,

199 3077 300 3131 vestes
313 3070 511 3143 imitarentur3
529 3076 559 3131 et
578 3087 617 3130 ex
634 3087 670 3130 eo
683 3078 819 3146 ternpore
832 3077 942 3130 statuta
961 3071 1016 3130 tuit
1031 3072 1126 3132 vestis
1143 3072 1219 3132 oleri·
1236 3105 1237 3114 .

201 3175 306 3219 eorum
327 3157 466 3234 propria:
488 3159 582 3234 juata
602 3159 733 3235 Episcopi
755 3159 971 3220 ordinationem
988 3168 1015 3220 et
1036 3162 1218 3228 mundatori,

201 3255 235 3307 ut
254 3248 416 3324 loquuntur
435 3252 535 3306 Patres
549 3247 664 3307 oouoiiii
678 3247 837 3310 Tridentini
858 3253 908 3320 (t).
932 3253 1111 3310 Communes
1131 3257 1220 3310 eutem

203 3337 393 3411 synodorum
406 3341 466 3394 tem
483 3335 719 3410 provincialium,
742 3353 832 3412 quam
852 3338 1093 3398 dioecesanarum
1111 3339 1236 3400 ordine.

136 3468 142 3488 ,
203 3423 300 3483 tiones
320 3424 392 3484 illud
405 3424 557 3497 mandent,
572 3431 604 3483 ut
627 3426 805 3485 clericorum
828 3433 926 3486 vestes
939 3425 998 3486 sint
1020 3426 1180 3504 simplices,
1196 3431 1220 3484 et

204 3511 358 3586 modestae,
383 3529 443 3572 nou
470 3511 617 3586 discissae3
647 3531 708 3574 nou
729 3515 826 3586 loedae,
853 3514 946 3576 itaut
967 3515 992 3575 si
1014 3516 1148 3578 tantillus
1165 3530 1219 3576 esse

205 3598 312 3662 debeat
332 3601 476 3676 deiectus
496 3601 536 3660 sit
548 3601 646 3676 'magis
667 3602 697 3661 iu
716 3605 862 3679 neglecto,
879 3620 968 3679 quom
982 3604 1012 3662 iu
1033 3605 1149 3679 nitore,
1164 3603 1235 3682 quia
