2546 4082
605 193 766 254 -311-

179 315 282 370 entiam
292 316 443 370 mediorum
456 315 566 378 indicet.
579 327 634 370 nen
644 317 718 383 luris
728 316 875 370 derectum.
894 315 1037 370 videndus
1051 317 1100 368 luo
1113 317 1144 370 de
1163 331 1189 370 re

177 387 347 440 sustenter
362 388 395 440 de
407 401 480 453 poen.
494 389 560 440 eccl.
575 393 641 441 sect.
657 391 678 445 1,
693 401 716 440 c.
727 389 752 453 1,
766 392 793 440 et
802 389 866 440 sect.
878 389 904 447 i,
918 402 942 439 c.
955 389 980 447 8,
994 387 1044 453 ii,
1053 388 1190 440 ubirerem

177 459 309 511 Ecclesiae
322 459 471 511 doctrinam
484 459 612 516 defendit.
621 459 770 524 utilemque
782 460 886 524 proxim
897 473 1056 524 promovere
1069 459 1189 510 studet.-

176 530 214 594 (5)
228 529 355 582 lieclusio
372 531 400 582 in
412 531 607 583 monasterium
624 531 682 582 loco
700 530 818 582 carceris
838 531 998 582 observatur
1018 531 1075 582 lere
1089 531 1188 595 ubique.

177 615 239 652 cum
260 602 388 667 Episcopi
410 603 526 654 retinere
544 615 598 653 non
617 601 723 653 soleant
744 600 875 652 familiam
896 606 1039 664 armatam,
1053 604 1079 652 et
1100 601 1189 652 bebere

177 685 299 724 carceres
314 672 349 724 ad
364 686 424 724 reos
441 672 624 731 continendos,
639 675 669 723 ut
682 672 746 723 olim
760 671 905 723 hebebant.
919 671 954 722 Et
969 672 1030 723 haec
1045 672 1153 723 reclusio
1165 671 1187 720 in

176 743 407 803 monasteriensi
425 745 570 796 seminario
593 757 721 809 expresso
744 743 875 810 pmbatnr
895 744 922 794 in
943 744 1116 795 conventione
1129 744 1186 793 inter
1265 805 1266 810 ἵ

176 814 255 868 Pium
278 815 341 878 Vll,
362 821 390 867 et
411 815 558 868 Praesidem
584 814 752 880 Reipublicae
775 814 878 866 ltelicae
895 816 1013 879 primurn
1035 814 1185 878 Reipublicae

176 885 322 936 Gallicane
336 887 480 938 Consulem
496 885 679 951 Napeleonem
694 887 762 938 inita
778 885 820 938 dle
836 885 864 936 16
876 885 1040 950 septembris
1054 886 1114 937 anui
1129 885 1185 948 1000,

175 957 247 1008 utin
261 957 380 1009 Bullario
394 971 462 1010 noro
478 961 542 1009 tom.
560 958 597 1018 li,
608 971 668 1022 pag.
684 957 724 1019 59,
739 958 768 1008 in
779 969 834 1022 qua
849 957 902 1008 sub
916 957 1088 1014 art.13.haec
1105 957 1183 1020 legun·

175 1029 221 1078 tur
235 1047 241 1079 :
265 1025 408 1094 Episcopus
422 1033 519 1092 preter
529 1031 638 1080 ceteras
651 1027 795 1082 cononicus
809 1040 908 1094 ponas,
923 1028 1021 1092 potent
1036 1028 1067 1080 in
1080 1027 1186 1080 ecetesia-

173 1097 253 1150 sticos
266 1097 407 1163 eupaoms
421 1097 647 1163 animaduertere,
662 1112 705 1151 eos
724 1099 808 1153 etiam
825 1097 972 1151 claudendo
990 1099 1021 1151 in
1037 1098 1186 1160 seminariis,

173 1170 199 1221 at
221 1169 253 1221 in
274 1169 396 1222 domibus
415 1169 647 1235 necesarium·
667 1171 703 1236 (0)
722 1171 821 1222 Carcer
840 1171 1021 1236 temporarius
1039 1170 1098 1221 dari
1113 1173 1188 1234 potest

175 1243 311 1306 umquem
325 1253 407 1306 poena
420 1241 578 1302 arbitrarie3
589 1253 681 1293 carcer
691 1255 754 1304 vero
768 1243 915 1306 perpetuus
928 1241 957 1292 in
970 1241 1025 1292 illis
1039 1245 1138 1292 tentum
1147 1253 1185 1292 ca·

174 1311 260 1374 sibus,
276 1311 417 1378 inquibus
431 1312 490 1378 ipso
504 1312 547 1363 lex
560 1313 630 1364 hanc
644 1326 753 1378 poenum
767 1312 914 1362 constituit.
930 1312 1061 1364 Stremler
1075 1313 1115 1364 cit.
1131 1325 1153 1364 c.
1165 1312 1185 1368 8.

172 1379 224 1444 ii.
238 1409 270 1420 -
284 1383 320 1448 (i)
335 1383 400 1434 Cen.
414 1384 439 1439 a.
453 1397 475 1434 c.
492 1382 516 1444 0,
530 1397 557 1448 q.
570 1383 594 1434 l.
610 1412 638 1421 -
653 1383 688 1448 (8)
703 1384 767 1436 Can.
783 1383 806 1441 3,
825 1397 848 1434 c.
865 1383 891 1444 3,
912 1397 937 1448 q.
959 1384 983 1433 5.
999 1411 1027 1421 -
1042 1383 1075 1448 (9)
1088 1381 1188 1448 Antiqui

174 1466 292 1506 canonas
311 1453 381 1505 banc
401 1468 509 1520 pionem
523 1469 596 1521 saepe
609 1457 828 1514 commemorant,
842 1459 872 1506 nt
886 1455 978 1506 videre
992 1458 1035 1506 est
1048 1468 1128 1519 panes
1141 1455 1187 1504 lle·

172 1525 227 1576 voti
241 1525 307 1577 lost.
322 1539 380 1576 can.
398 1526 416 1576 1.
432 1527 456 1586 1,
467 1527 507 1577 tit.
523 1527 547 1584 8,
563 1524 575 1592 1
592 1526 629 1591 19,
643 1527 672 1576 in
686 1531 741 1577 not.
755 1526 780 1586 1,
795 1530 823 1578 et
835 1539 919 1591 penes
933 1525 1032 1576 Christ.
1046 1527 1145 1592 Lupum
1157 1523 1187 1574 ed

173 1609 232 1648 can.
249 1597 272 1656 1,
290 1609 365 1648 conc.
384 1596 489 1649 Sardio.
503 1600 530 1649 et
545 1599 573 1648 in
589 1611 649 1649 ceu.
664 1598 688 1657 8,
702 1599 726 1661 9,
744 1598 781 1660 10,
801 1599 852 1648 etc.
873 1596 935 1648 dist.
951 1597 989 1648 50.
1006 1597 1132 1648 liederus
1144 1609 1187 1646 au·

172 1671 226 1720 tem
240 1668 333 1734 praxis
347 1667 416 1720 benc
430 1669 516 1734 ipsam
537 1682 646 1734 poenam
666 1672 766 1733 servet,
787 1674 819 1720 ut
832 1671 955 1728 testatur,
970 1671 997 1719 et
1010 1669 1105 1733 probat
1116 1667 1185 1719 Card.

172 1737 264 1806 Seglie
278 1740 306 1790 iu
319 1739 386 1790 Inst.
398 1741 455 1804 jur.
469 1741 537 1805 priv.
553 1741 565 1804 ξ
584 1739 641 1798 tls,
652 1739 695 1791 his
712 1739 819 1791 verbis:
837 1759 848 1787 i
864 1739 932 1791 Cum
953 1740 1096 1805 postremis
1111 1738 1188 1803 elapsi

174 1809 296 1862 «saeculi
318 1809 397 1861 annis
422 1811 449 1860 in
473 1810 592 1862 maxime
615 1811 662 1862 ille
686 1823 826 1862 sacrarum
850 1810 1085 1875 humanarumque
1107 1823 1188 1860 rarum

173 1899 184 1927 ι
201 1882 412 1946 perturbatione,
421 1882 498 1932 multi
510 1881 665 1934 sacerdotes
679 1895 713 1934 ex
727 1887 842 1948 utroque
855 1883 926 1933 clero
940 1881 1044 1947 impetu
1057 1884 1189 1946 tempesta-

173 1971 184 1999 ι
202 1955 260 2002 tum
274 1952 379 2017 abrepti
393 1953 554 2018 sceleribus,
577 1958 604 2005 at
626 1953 737 2018 llagitiis
757 1965 787 2004 se
804 1952 1040 2011 contaminassent,
1055 1952 1118 2004 dein
1132 1965 1188 2004 vero

173 2035 264 2073 rcum
285 2023 387 2074 ibidem
409 2037 454 2075 res
470 2024 599 2090 publicae.
613 2028 640 2076 et
662 2025 745 2076 etism
764 2024 899 2089 religiose
920 2023 949 2074 in
964 2022 1088 2074 ordinem
1100 2022 1188 2074 adduci

173 2111 185 2141 ι
202 2093 360 2160 caepissent,
375 2109 467 2146 eorum
481 2096 573 2162 plures
587 2096 757 2161 superiorum
773 2095 962 2147 enormitatum
977 2093 1078 2154 dolore.
1095 2109 1126 2146 ac
1137 2108 1189 2159 poe-

171 2185 185 2211 e
201 2166 316 2218 nitentia
330 2165 403 2217 ducti
418 2165 452 2218 ed
473 2167 655 2231 Apostolicanr
675 2166 773 2218 Sadern
787 2163 964 2230 confugerunt
981 2169 1060 2217 enixe
1075 2169 1190 2231 rogantes

172 2254 184 2284 ι
201 2236 317 2297 veniam,
328 2240 356 2288 et
369 2238 543 2288 vehementer
555 2240 714 2303 exoptantes
726 2251 788 2288 eum
800 2238 912 2303 reliquis
922 2236 1048 2288 fidelibus
1057 2229 1190 2288 'catholice

172 2309 298 2361 «unitati
313 2309 410 2360 iterum
425 2311 583 2362 consociari.
602 2310 697 2376 ltaque
720 2309 747 2360 S.
773 2308 858 2360 Sedes
880 2322 942 2360 cum
961 2306 990 2357 ld
1012 2307 1046 2358 ad
1068 2307 1190 2360 Ecclesiae

171 2397 183 2427 ι
201 2393 305 2446 pacem,
318 2385 345 2432 et
356 2381 494 2434 catbolicae
506 2381 619 2432 unitatis
632 2381 733 2432 bonnm
747 2379 896 2432 conducere
910 2377 1074 2444 intelligeret
1087 2377 1189 2446 proprio

171 2469 183 2499 ι
198 2451 326 2518 cujmpue
335 2451 453 2506 oratoris
463 2451 592 2517 Episcopo
603 2449 732 2516 pretium,
742 2454 768 2504 et
784 2449 999 2502 communionem
1010 2461 1072 2502 oum
1087 2450 1187 2514 Aposto-

171 2520 254 2574 riicu
279 2517 346 2576 Sede
368 2523 479 2576 iubenti
500 2522 660 2589 fucultatem
686 2520 911 2580 communicavit.
935 2523 1073 2572 oratorem
1098 2519 1187 2585 ipsum.

171 2610 183 2640 ι
200 2591 345 2646 dummodo
356 2593 470 2646 indubio
479 2593 642 2658 penitentie
657 2591 734 2657 sipnc
748 2590 918 2650 cunibercto
931 2588 1024 2655 ponis,
1039 2595 1065 2644 et
1078 2588 1188 2643 censuris

171 2682 182 2712 ι
201 2665 424 2724 ecclesiasticisis
439 2677 541 2717 recessu
560 2677 579 2716 c
598 2662 819 2727 statu-ctericoti,
837 2661 994 2726 sacrilepiis.
1011 2665 1037 2715 et
1051 2661 1186 2716 attenteti-

170 2755 181 2783 ι
200 2735 256 2801 bus,
270 2740 295 2790 et
309 2736 452 2788 acconibus
468 2734 592 2788 admissis
608 2734 757 2800 Apostolico
778 2733 942 2787 auctoritate
957 2731 989 2784 in
1004 2735 1120 2799 utroque
1137 2733 1186 2798 soro

170 2828 182 2856 ι
200 2807 352 2860 absoluendi
371 2807 402 2859 in
417 2807 508 2870 formu
524 2804 645 2859 Ecclesia
661 2809 795 2868 consueto,
806 2805 933 2872 iniuncto
945 2816 996 2870 pro
1009 2803 1087 2856 modo
1104 2805 1185 2870 culpo·

168 2900 182 2925 e
198 2892 262 2932 rurn
277 2879 436 2943 punitentia
456 2877 584 2942 solutori,
599 2877 712 2942 aliisque
725 2876 859 2942 iniunctis
876 2874 908 2928 de
927 2875 993 2940 iure
1009 2873 1183 2942 injonpendis.

169 2968 180 2998 ι
197 2950 285 3016 pinnis
304 2948 394 3016 quoad
414 2949 537 3002 eumdem
551 2952 686 3002 oratorem
703 2952 761 3000 tom
775 2946 978 3012 imepuluritute
994 2960 1027 3010 eu
1040 2946 1182 3013 premissis.

168 3041 180 3070 e
198 3025 223 3075 et
241 3021 439 3088 premissorum
459 3021 595 3074 occasione
619 3021 778 3078 contractu.
802 3033 886 3084 quom
911 3017 1134 3072 irrbobiiitotione
1156 3015 1184 3070 cti

168 3111 180 3141 e
198 3092 380 3160 quodcumque
393 3105 533 3145 sacrorum
547 3090 674 3143 ordinum
691 3090 859 3152 scurrilium,
874 3093 954 3154 utque
972 3089 1009 3142 ud
1034 3090 1134 3155 queuis
1150 3103 1184 3141 ec·

168 3184 179 3212 ι
197 3163 344 3216 ctesimiico
363 3162 464 3229 ospicio,
489 3167 512 3218 et
528 3162 655 3228 beneficio
668 3175 716 3214 seu
727 3161 843 3223 obtento,
855 3159 910 3212 uve
926 3159 1102 3226 assequendo,
1119 3165 1142 3214 ct
1155 3160 1186 3212 od

166 3255 181 3282 α
196 3234 308 3286 illorum
318 3234 506 3296 emolumento,
522 3237 546 3288 et
558 3233 665 3299 fructus
679 3246 711 3284 en
726 3230 821 3284 iisdem
834 3245 936 3297 quoque
950 3229 1028 3284 modo
1044 3231 1186 3296 percipien-

167 3324 178 3354 ι
197 3305 251 3358 iios.
262 3304 381 3370 lienique
395 3305 562 3368 declaratur,
572 3303 695 3358 eumdem
706 3307 841 3356 crotonem
854 3301 891 3354 od
904 3302 1054 3366 simplicem
1062 3301 1186 3354 ioicomm

165 3397 179 3422 α
195 3375 410 3429 communionem
423 3371 471 3428 boc
484 3375 541 3441 ipso
565 3378 727 3436 traductum¹
747 3387 795 3426 nae
816 3387 871 3426 non
889 3371 1013 3426 omnibus
1023 3373 1144 3439 juribus,
1163 3376 1185 3426 et

165 3467 179 3494 «
194 3446 342 3512 privilepiis
357 3445 521 3500 clericalibus
536 3459 645 3511 prorsus
662 3445 806 3510 spoliatum
829 3457 977 3496 remanere.
1003 3461 1014 3490 s
1037 3471 1065 3482 -
1083 3444 1134 3508 (10)
1151 3445 1185 3496 lie

164 3519 352 3570 communione
365 3518 508 3582 peregrine
529 3517 567 3570 ite
591 3517 774 3570 decernebant
793 3517 889 3567 Patres
913 3515 1014 3580 synodi
1028 3515 1185 3581 Apotheosis

165 3601 224 3654 cap.
235 3589 266 3638 ie
276 3585 449 3643 dmtumuccs
457 3586 553 3642 curto
563 3587 596 3642 cl>
606 3587 735 3656 Episcopo
746 3586 928 3654 corripientur.
938 3582 970 3640 Si
979 3585 1102 3653 osticium
1115 3600 1185 3642 suum
