2546 4082
512 237 549 250 ..
565 201 618 266 m
636 235 672 248 ..

70 329 183 390 malam
195 329 381 392 voluntatem
393 329 482 391 hahet
495 329 656 406 specialem
674 331 883 404 numerantem
899 325 1093 388 0101100111-

68 419 143 478 tiam
156 417 335 495 adjunctam,
350 425 384 479 ut
397 435 487 495 supra
501 417 633 478 innuitur
647 421 699 492 (6).
1027 443 1031 450 ·

101 601 137 666 (1)
151 601 200 653 Rei
213 616 320 668 quoque
335 606 478 655 censentur
491 616 551 654 esse
565 618 598 654 ex
612 602 663 654 hoc
679 603 768 667 capite
791 603 935 667 genitores,
949 602 997 668 qui
1009 600 1095 653 tenel-

68 673 109 724 los
123 688 223 738 pueros
242 687 333 725 secum
356 675 383 725 in
404 676 498 726 eodem
519 675 588 728 lecto
603 676 690 726 somni
705 681 824 738 tempore
840 680 979 739 reponunt,
994 689 1025 726 cx
1043 685 1096 738 quo

70 745 196 808 ipsorum
209 759 357 810 puerorum
372 745 510 797 suffocatio
525 746 686 812 quandoque
700 746 840 810 contingit.
862 773 893 784 -
907 747 941 810 (1)
956 747 1023 809 Cep.
1039 746 1054 794 5
1070 746 1097 794 el

69 815 111 878 20,
127 815 298 882 dehomicid.
313 831 372 873 can,
388 815 549 870 Consuluisti
563 833 585 868 c.
601 819 625 879 2,
643 832 668 883 q.
687 819 711 880 5,
727 818 753 866 in
769 831 821 882 quo
840 831 873 866 ex
887 817 1022 867 sententie
1037 815 1096 865 Ste-

70 887 155 952 phani
170 885 203 948 V,
218 887 277 938 hac
290 887 416 952 leguntur
427 908 433 937 ι
444 883 475 940 Si
484 889 537 952 itte,
551 889 598 954 qui
610 891 764 953 conceptum
774 887 804 938 iri
820 890 896 940 utero
912 900 960 950 per
974 887 1098 938 ebatum

70 957 209 1020 deleverit,
226 957 361 1013 homicide
375 962 422 1018 cst,
436 963 536 1024 quanto
553 961 641 1024 mepte
661 959 708 1025 qui
722 959 803 1010 unius
819 958 914 1010 saltem
930 957 985 1009 dici
997 969 1096 1022 0110111-

70 1028 130 1080 lum
143 1030 296 1093 peremerit,
308 1029 472 1082 homicidam
487 1045 513 1082 sc
527 1045 579 1082 csse
592 1044 717 1082 ercueere
735 1029 874 1096 nequibit?
887 1057 918 1066 -
931 1028 964 1088 (3)
981 1028 1043 1092 Gap.
1060 1027 1097 1087 111,

71 1099 106 1150 da
120 1099 246 1150 homicid.
262 1101 320 1152 Hoc
336 1101 509 1152 homicidium
532 1117 586 1153 non
609 1104 758 1166 imputatur
773 1103 807 1161 ei,
830 1101 876 1166 qui
890 1101 965 1152 dedit
976 1113 1098 1164 operam,

72 1171 112 1220 rei
128 1171 220 1234 licita,
235 1186 284 1222 nee
304 1173 355 1222 luit
364 1175 392 1223 in
403 1173 490 1238 culpa,
505 1174 579 1238 qnia,
594 1178 625 1223 ut
638 1175 677 1223 ait
690 1173 862 1224 Innocentius
879 1173 930 1232 lll,
944 1171 1098 1222 1100001011-

72 1243 654 1309 1110110οπ11110111011111111100111011111111,
671 1258 729 1308 ccp.
748 1246 785 1303 13,
802 1244 859 1295 eod.
876 1241 1051 1294 Reilleustuel
1064 1241 1098 1292 da

72 1312 202 1364 homicid.
215 1316 227 1377 t
242 1317 264 1365 5.
276 1343 307 1352 -
325 1316 357 1376 (1)
375 1316 441 1380 Cap.
455 1315 470 1366 t
484 1316 518 1367 de
531 1316 658 1367 homicid.
669 1343 700 1354 -
713 1315 749 1380 (5)
764 1317 827 1379 Cap.
843 1318 857 1366 8
873 1319 900 1367 et
916 1317 931 1366 9
946 1315 1003 1366 eod.
1017 1340 1049 1350 —
1062 1313 1099 1378 (6)

72 1383 266 1436 Voluntarium
279 1386 452 1437 homicidium
465 1393 622 1453 potestesse
633 1389 747 1452 justum,
760 1393 853 1438 elnon
867 1387 1012 1451 culpabile,
1025 1388 1056 1435 ut
1070 1384 1099 1433 in

69 1458 165 1523 judice
176 1458 225 1520 qni
237 1471 344 1522 poenam
357 1458 451 1522 capitis
466 1459 624 1522 pronunciat
638 1472 671 1509 ex
687 1459 757 1522 lege,
772 1459 801 1508 in
817 1459 902 1508 milite
917 1457 963 1522 qui
985 1457 1013 1506 in
1027 1454 1099 1506 bello

69 1532 147 1594 justo
163 1529 300 1579 inimicum
316 1529 454 1591 interiioit,
467 1536 494 1579 et
511 1532 539 1580 in
551 1543 688 1594 aggresso,
705 1530 752 1594 qui
766 1529 895 1594 injustum
912 1539 1099 1592 aggressorum

73 1605 163 1658 necat,
179 1605 284 1650 servato
303 1599 486 1650 moderamine
500 1601 646 1666 inculpetae
666 1601 767 1663 tutelae,
780 1601 845 1665 quia
859 1615 892 1650 ex
905 1598 1039 1650 sententia
1053 1597 1099 1646 In-

72 1671 194 1722 nocentii
204 1670 254 1720 111.
274 1667 330 1722 Vim
340 1671 368 1722 ui
384 1670 509 1735 repetiere
518 1685 608 1723 munes
622 1673 698 1736 tepet,
709 1674 733 1723 ct
746 1672 914 1736 omniejure
926 1669 1098 1736 pemittant.

73 1744 142 1810 Gap.
161 1743 190 1794 18
204 1741 238 1794 de
251 1741 377 1794 homicid.
393 1741 576 1802 Reiffenstuel‚
590 1742 641 1794 eod
655 1743 695 1793 tit.
710 1743 723 1807 1
738 1743 753 1794 3
766 1748 794 1794 et
803 1743 826 1794 1.

109 1941 177 2033 161.
199 1971 363 2044 Quamdam
377 1972 627 2048 qualificationem
640 1973 729 2032 habet
742 1970 934 2031 homicidium
947 1989 1002 2047 per
1016 1972 1102 2031 duel-

72 2065 157 2135 lum,
183 2069 212 2122 et
236 2079 291 2138 per
312 2063 403 2123 ioetus
425 2062 546 2121 animati
575 2063 722 2123 abortum.
751 2064 886 2123 tinellum
905 2063 948 2122 sic
969 2063 1100 2138 appella·

76 2163 153 2225 tum,
178 2152 263 2227 quasi
286 2152 414 2211 duorum
435 2152 557 2224 bellum,
581 2159 628 2212 est
654 2169 754 2227 pugna
776 2152 934 2228 singularis
953 2151 1044 2212 armis
1062 2168 1101 2210 ex

75 2241 220 2302 condicto
235 2249 385 2317 suscepta,
400 2241 556 2316 designato
569 2242 637 2300 loeo
651 2249 681 2300 et
701 2249 844 2317 tempore,
863 2242 1008 2301 inducens
1023 2241 1101 2316 peri·

75 2331 182 2390 culum
204 2328 320 2402 morlia,
344 2337 395 2389 aut
419 2329 622 2391 mutilationis.
645 2331 781 2390 tinellum
798 2329 913 2405 privata
927 2329 1102 2390 auctoritate

74 2418 225 2478 indictum
239 2418 433 2492 detestantur,
446 2426 477 2478 et
488 2425 668 2492 execrantur
681 2423 783 2478 Patres
796 2417 919 2479 concilii
932 2417 1102 2492 Tridentini,

76 2511 163 2584 quod
189 2507 219 2566 in
239 2508 402 2584 perniciem
422 2525 593 2584 corporum,
608 2514 638 2568 et
659 2507 834 2579 animarum,
855 2507 1018 2567 fabricante
1040 2507 1103 2567 dia-

76 2597 163 2668 bulo,
186 2587 390 2656 introductum
411 2597 514 2658 dicunt
537 2602 588 2670 (1).
611 2597 787 2658 Gravissime
810 2598 967 2656 damnatur
980 2612 1052 2655 sane
1066 2595 1104 2654 ab

77 2685 163 2746 omni
179 2686 257 2761 J'ure,
273 2686 409 2760 naturali,
425 2686 536 2758 divino,
553 2686 765 2758 ecclesiastico,
780 2685 903 2746 etcivili
916 2688 967 2754 (t).
982 2685 1103 2744 Triden-

77 2775 177 2835 tinum
200 2775 322 2834 damnat
344 2775 478 2835 duellum
495 2775 648 2850 publicum
665 2782 695 2834 et
711 2776 855 2847 solemne,
878 2790 990 2849 eosque
1007 2773 1102 2848 punit,

78 2862 132 2938 qui
146 2879 279 2938 pugnam
293 2864 511 2935 commiserint3
522 2864 575 2923 sed
590 2864 746 2939 Gregorius
758 2867 830 2935 illll,
842 2862 931 2923 etiem
944 2863 1102 2937 privatum,

66 2958 112 3011 ¹et
125 2950 226 3012 minus
239 2953 375 3013 solemne
390 2954 453 3012 sine
466 2951 599 3028 patrinis,
618 2951 717 3024 sociia,
733 2952 793 3011 loci
808 2952 976 3023 securitate,
991 2969 1028 3011 ac
1041 2952 1105 3012 sine

78 3039 190 3101 litteris
204 3041 429 3116 provocatoriiS,
445 3049 495 3102 aut
510 3040 746 3100 denunciationis
761 3041 903 3100 chartulis
918 3045 968 3112 (3),
984 3047 1013 3100 01
1027 3041 1105 3100 dam-

79 3132 163 3190 natio
178 3131 351 3190 extenditur
364 3149 382 3190 a
397 3119 545 3190 Clemente
559 3132 629 3201 Vlll,
652 3135 689 3188 ad
711 3145 831 3188 omnem
850 3129 1103 3204 provocationem,

80 3227 112 3279 et
126 3218 369 3295 cooperationem
386 3226 567 3291 attentatam,
585 3217 675 3278 etiam
696 3234 755 3276 non
775 3225 900 3293 sequuta
922 3234 1031 3293 pugna,
1051 3235 1103 3278 ne-

82 3325 142 3385 que
156 3308 235 3367 iacto
256 3324 382 3368 accessu
405 3309 443 3368 ad
466 3309 576 3380 locum,
594 3314 623 3367 et
644 3308 681 3366 ad
701 3323 805 3366 omnes
824 3307 1011 3382 operationes
1025 3307 1105 3366 circe

81 3397 245 3471 chartulas,
260 3397 308 3457 vel
326 3397 521 3456 dislldationis
530 3395 649 3469 nuncia,
664 3397 734 3456 licet
747 3394 974 3470 provocationes
987 3394 1105 3454 intima·
1158 3419 1160 3422 ·

82 3491 122 3558 tae
138 3501 199 3544 non
213 3485 324 3545 luerint
341 3485 521 3559 adversario,
537 3485 561 3544 si
576 3503 631 3561 per
644 3485 725 3562 ipsos
738 3491 933 3561 cooperantes
947 3500 1008 3543 non
1022 3490 1107 3546 stete

81 3573 131 3649 rit,
147 3574 307 3650 quominus
320 3573 527 3636 intimarentur
540 3577 590 3648 (t).

208 3673 230 3726 l.
969 3675 996 3729 tt
