2468 4090
631 188 787 244 ..168-

202 308 374 362 carustantiis
387 308 446 360 haec
460 308 597 374 deputatio
610 322 627 360 a
638 309 666 360 S.
682 309 893 375 congregatione
906 310 998 374 Episc.
1009 313 1036 361 et
1046 311 1141 376 Regni.
1152 313 1218 378 Epis

204 393 271 446 copo
283 380 462 445 permittatur.
476 407 509 419 -
522 380 557 444 (9)
566 381 618 432 Τ11.
632 381 655 442 8,
671 395 693 432 c.
708 381 733 431 1.
745 409 771 418 -
790 381 841 446 (lul
859 381 1011 432 Dioecesani
1025 382 1108 433 etiam
1122 383 1156 434 ab
1169 383 1216 434 offi-

200 453 241 503 cio
253 450 355 502 Vlcarii
368 451 528 502 excludendi
538 455 610 512 sunt,
625 465 694 517 quos
708 465 816 518 semper
829 451 945 503 exclusit
959 452 986 502 S.
1002 452 1113 506 Carolus
1128 455 1216 505 Berro-

202 535 289 574 maeus
302 521 426 586 eligendo
439 526 555 586 exteros,
572 526 599 573 et
613 523 640 573 in
652 523 703 575 lroc
721 537 803 576 sensu
814 523 917 588 pluries
931 523 1090 576 declaravit.
1114 525 1141 576 S.
1157 525 1215 576 Con·

197 593 318 658 gregatio
332 593 422 659 Episo.
437 597 469 643 ut
485 593 568 644 tradit
580 593 750 658 Pellegrinus
768 594 794 644 iu
816 595 957 658 pranllic.
971 595 1008 645 in·
1018 595 1039 646 1.
1054 611 1151 648 summ.
1161 611 1185 647 n.
1195 596 1215 646 l.

197 665 239 716 Ita
252 663 330 716 docet
342 663 422 716 Card.
442 664 482 715 De
497 665 579 716 Luce.
596 665 702 716 etiamsi
718 665 777 731 ipse
793 666 942 731 Episcopus
957 669 1031 718 esset
1050 673 1166 719 exterus.
1180 667 1215 718 Ad

196 735 271 786 Trid.
289 735 358 787 disc.
371 735 412 797 sl,
426 749 454 786 n.
472 735 500 786 at
517 741 545 786 et
558 735 726 801 Pignatellus
736 741 800 787 lom.
813 737 839 801 e,
852 737 967 788 consult.
983 738 1038 802 lea,
1053 740 1101 804 qui
1112 738 1214 790 ulterius

197 811 282 872 tenet,
300 807 357 872 iarn
377 809 537 858 constitutos
559 805 682 860 Vicarios
705 807 874 860 dioecesenos
897 821 957 860 esse
980 810 1167 871 removendos,
1187 823 1215 860 ne

198 878 269 930 torte
284 875 413 940 amicitia,
428 878 639 945 propinquitate,
650 878 844 942 familiaritate,
854 881 950 944 gratia,
965 884 1013 932 aut
1025 887 1103 933 metu
1113 884 1157 946 jus
1168 881 1213 931 aie-

160 970 164 978 ·
196 948 267 1000 lent.
289 949 356 1000 Haec
365 949 485 1000 theorica
499 963 515 1000 a
530 949 695 1014 nuperrimis
709 951 736 1002 S.
750 950 972 1016 Congregationis
987 952 1171 1004 decisionibus
1184 952 1214 1002 ila

198 1021 358 1072 confirmate
371 1020 430 1083 luit,
447 1024 478 1071 ut
493 1021 599 1072 nullum
615 1021 751 1087 relinquat
765 1022 879 1073 dubium
890 1023 924 1074 de
938 1023 1103 1076 certitudine
1120 1023 1212 1074 conclu-

198 1091 293 1155 sionis,
308 1092 414 1143 etiamsi
424 1098 550 1159 ageretur
563 1092 597 1144 de
611 1094 740 1145 canonico
749 1094 872 1146 ecclesiae
885 1093 1056 1146 cathedralis.
1069 1095 1213 1146 Decisioaes

198 1162 354 1228 huiusmodi
368 1163 519 1215 efferuntur
531 1164 565 1215 ab
580 1166 698 1216 Auctore
714 1164 1212 1232 AnalectaeiurisPonuucii,quip1u-

194 1234 272 1286 ribus
287 1235 316 1286 in
332 1234 399 1286 locis
413 1234 446 1286 de
460 1235 512 1286 hac
532 1249 561 1286 re
578 1235 686 1287 abunde
704 1240 861 1301 pertractat,
879 1236 980 1303 quique
1000 1251 1034 1289 ex
1048 1237 1171 1288 adductis
1188 1236 1210 1286 S.

194 1305 418 1370 congregationis
431 1306 593 1359 formalibus
608 1307 820 1359 resolutionibus
834 1307 1010 1367 demonstrat,
1024 1309 1151 1360 Sanctam
1170 1307 1210 1359 Se·

193 1375 256 1428 dem
272 1376 435 1442 quandoque
458 1377 594 1428 indultum
617 1379 774 1443 concedere,
791 1384 822 1430 ut
843 1379 995 1445 Episcopus
1018 1384 1103 1445 queat
1123 1380 1211 1430 habere

192 1447 377 1499 diaecesanum
396 1461 445 1513 pro
464 1448 590 1501 exercitio
602 1450 801 1514 iurisdictionis
815 1463 872 1501 suae
890 1451 977 1502 solum
990 1451 1026 1502 ed
1046 1455 1161 1518 tempus,
1175 1463 1209 1500 er.

192 1531 234 1582 gr.
249 1519 284 1569 ad
305 1533 415 1582 annum,
435 1518 470 1570 ad
492 1521 717 1586 quinquennium,
731 1522 775 1574 vel
794 1520 881 1573 donec
902 1521 1053 1588 Episcopus
1076 1534 1211 1587 personam

193 1588 317 1642 idoneam
330 1596 486 1642 extraneam
499 1593 626 1656 reperiat,
641 1606 704 1643 cum
718 1591 824 1644 duabus
841 1593 1051 1656 conditionibus,
1068 1598 1101 1644 ut
1113 1599 1211 1645 vocetur

192 1660 373 1724 Provioarius,
391 1675 444 1713 nou
459 1662 594 1728 Vicarius,
609 1665 635 1716 et
653 1669 684 1715 ut
702 1677 731 1715 se
744 1677 798 1714 non
811 1665 916 1729 ingerat
930 1665 958 1714 in
973 1665 1067 1728 rebus,
1082 1677 1143 1730 quaa
1156 1675 1210 1715 suos

192 1731 368 1797 propinquos,
382 1733 426 1784 uel
445 1735 562 1800 patriam
583 1734 741 1799 respiciunt.
757 1734 836 1787 Unde
859 1749 913 1786 noa
937 1737 1001 1787 sunt
1023 1735 1159 1798 audiendi,
1172 1733 1210 1798 qui

191 1815 253 1854 oum
268 1802 392 1854 Sbrozzio
407 1805 573 1857 contrarium
586 1805 715 1869 sentiunt,
726 1819 757 1857 eo
772 1806 844 1871 quod
854 1805 940 1858 virtus
950 1806 1053 1858 Vicerii
1066 1810 1130 1858 nota
1141 1805 1209 1856 debet

193 1887 254 1925 esse
270 1874 380 1939 populo,
395 1881 421 1927 et
435 1889 524 1928 mores
538 1876 633 1942 populi
647 1877 766 1941 vicario,
779 1882 806 1928 et
819 1876 859 1927 illi
874 1880 937 1928 sunt
953 1877 1163 1943 reprehensione
1174 1873 1207 1925 di·

190 1945 248 2008 gui,
262 1945 309 2011 qui
331 1945 469 1998 hodiernis
490 1948 658 2014 temporibus
677 1948 804 2014 querelas
819 1949 952 2012 emittunt,
968 1949 1040 2013 quod
1054 1948 1174 2014 Episcopi
1184 1946 1208 1995 in

190 2013 315 2066 Vicerios
327 2015 475 2070 Generales
488 2031 543 2069 uon
556 2020 734 2084 dioeceseuos,
748 2019 797 2070 sed
814 2024 921 2071 exteros
937 2018 990 2072 sibi
1004 2023 1152 2071 assumunt.
1166 2018 1208 2068 His

189 2099 255 2138 sane
269 2087 444 2152 querimoniis
459 2090 549 2154 palam
559 2090 598 2152 lit,
608 2095 640 2140 ut
650 2091 690 2141 ait
699 2091 794 2154 Bouix,
804 2105 858 2142 non
870 2104 965 2156 perum
975 2091 1127 2156 neglectum
1136 2090 1206 2141 luisse

187 2171 273 2210 sacre
286 2156 439 2224 disciplinae
454 2161 584 2212 studium.
600 2160 628 2211 Si
643 2163 715 2213 enlm
732 2161 775 2214 vel
791 2161 879 2214 obiter
894 2162 1102 2214 canonistarum
1118 2161 1166 2212 laac
1177 2159 1205 2209 de

188 2243 218 2284 re
233 2229 442 2295 disceptationes
456 2231 629 2298 introspectae
650 2233 774 2294 luissent,
789 2246 844 2284 non
861 2232 1005 2298 carpenda,
1019 2234 1069 2284 sed
1084 2229 1205 2284 laudanda

187 2300 278 2438 {otius
295 2313 328 2353 ea
343 2303 540 2371 Episcoporam
559 2302 657 2370 egendi
675 2303 744 2356 retio
761 2303 909 2357 videretur.
924 2305 964 2356 De
974 2303 1061 2370 indic.
1075 2318 1101 2372 p.
1115 2303 1140 2368 2,
1150 2317 1171 2354 c.
1182 2301 1203 2362 3,

218 2374 242 2436 1,
256 2385 286 2440 ᾳ.
299 2374 324 2426 9.

224 2608 287 2665 168.
297 2602 429 2664 Vicarius
443 2603 592 2666 Generalis
605 2605 665 2665 hoc
683 2605 806 2666 nominc
824 2605 999 2682 appellatur,
1015 2603 1085 2680 quia
1098 2603 1133 2663 ab
1144 2599 1199 2677 lipi-

187 2711 281 2771 scopo
307 2695 446 2770 gcnerele
472 2695 561 2754 habet
582 2695 768 2770 mandatnm,
793 2696 842 2754 vel
860 2693 1101 2755 commissionem
1114 2690 1199 2752 omnia

186 2781 330 2855 faciendi,
357 2800 423 2858 qnae
451 2784 490 2842 ad
517 2783 652 2860 regimen
679 2782 863 2843 ordinarium
894 2781 1033 2842 dioecesis
1055 2781 1196 2858 pertinent,

187 2888 279 2948 quam
298 2871 337 2930 ob
360 2888 426 2930 rem
442 2870 614 2933 ordinarius
639 2870 756 2932 dicitur.
779 2877 845 2932 Nou
871 2878 969 2930 tamen
986 2871 1085 2930 omnia
1103 2873 1195 2946 potest,

185 2978 252 3038 qnae
266 2967 365 3036 potest
378 2959 550 3037 Episcopus.
569 2965 645 3021 Sunt,
656 2961 775 3036 quidem
788 2963 897 3034 multe,
913 2975 980 3036 quae
994 2959 1119 3035 speciale
1130 2971 1196 3016 mare

186 3049 288 3110 datum
308 3048 487 3109 desiderant.
504 3048 578 3110 ilinc
597 3049 623 3109 si
645 3050 809 3126 Episcopus
830 3049 860 3108 in
877 3047 1093 3108 commissionis
1109 3042 1195 3106 litteris

184 3137 242 3198 hec
264 3143 365 3198 utatur
384 3139 518 3198 clausule
540 3138 605 3198 :Do
622 3139 681 3198 Tibi
700 3146 872 3214 potestatem
891 3138 992 3197 1111111111
1012 3155 1077 3198 meo
1094 3135 1194 3196 11111111

186 3227 349 3299 coercendi,
368 3228 454 3286 ellam
466 3243 529 3303 quc
543 3227 665 3302 11111111
683 3227 862 3286 mandatum
875 3227 1044 3302 requirunt,
1056 3226 1145 3284 adhuc
1155 3236 1194 3280 res

186 3315 304 3390 arduas,
332 3320 362 3375 11
375 3317 476 3391 magni
489 3315 653 3393 praejudicii
675 3315 795 3392 negotia
810 3315 952 3375 ¹vicarius
975 3314 1122 3375 Generalis
1144 3321 1192 3369 nou

186 3409 289 3480 posset
304 3403 456 3480 expedire,
479 3403 547 3480 quie
575 3403 606 3463 in
623 3404 754 3480 generali
780 3403 990 3464 commissione
1013 3419 1075 3462 nou
1090 3399 1193 3460 venimt

187 3507 232 3564 ea,
243 3507 310 3567 quae
324 3493 391 3568 quis
399 3491 606 3554 verosimiliter
619 3509 680 3552 nou
691 3498 772 3552 esset
788 3493 819 3552 in
830 3491 931 3570 specie
946 3506 1139 3552 concessurus
1151 3491 1192 3560 (l).

187 3585 224 3642 at
235 3579 260 3640 si
273 3581 355 3656 quod
365 3581 493 3642 arduum
504 3582 534 3642 in
548 3580 680 3658 generali
693 3581 904 3644 commissione
915 3578 1004 3642 inerit
1022 3589 1192 3657 expressim,
