2490 4088
587 117 726 172 ..30-

143 237 298 312 municari,
313 239 363 314 qui
377 239 403 298 si
415 253 476 298 non
490 238 620 300 habeant
639 238 719 298 unde
732 237 858 310 solvant,
878 236 1052 309 tolerantur,
1075 236 1100 296 si
1113 253 1175 296 ca-

141 335 231 388 veant
250 328 288 386 de
310 327 466 400 solvendo,
487 327 540 386 ubi
556 326 594 386 ad
615 327 800 402 pinguiorem
812 325 962 384 lortintam
975 325 1174 398 devenerint;
1239 387 1240 392 ,

142 417 210 494 quia
228 416 285 475 illis
306 418 387 475 salve
403 432 524 490 semper
550 431 616 474 esse
634 415 723 474 debet
743 415 869 474 honesta
882 414 1067 486 sustentatio,
1083 431 1122 474 ne
1138 415 1175 472 in
1239 455 1240 460 η

142 505 337 581 opprobrium
351 503 464 562 ordinis
475 503 646 563 mendicare
659 509 805 578 cogantur
818 507 869 576 (t).
894 503 978 573 Quod
990 503 1176 562 beneficium

143 593 259 654 clericis
269 594 318 668 ius
333 591 512 652 canonicum
526 592 720 652 concessitad
734 592 905 666 exemplum
913 592 1014 666 legum
1028 593 1175 650 romana·
1239 599 1240 662 j

143 699 221 754 rum,
237 697 303 756 quae
316 681 410 740 simile
422 681 601 740 beneficium
618 680 700 756 prius
715 687 928 739 concesserant
948 679 1099 753 militibus,
1114 699 1176 756 pa·
1239 743 1240 746 ,

143 770 286 842 rentibus,
307 769 451 844 petroniS,
472 768 571 842 sociiS,
592 769 705 828 maritis
727 767 828 845 quoad
841 768 919 827 dotis
938 767 1174 842 restitutionem,
1239 845 1240 848 Ἴ

144 867 174 918 et
187 857 366 920 donantibus
384 857 482 934 quoad
495 857 667 917 donatarius
679 859 730 928 (ἲ).

180 953 323 1006 Doctores
333 953 432 1006 tamen
441 946 511 1006 huic
521 945 674 1022 privilegio
686 947 787 1021 plures
797 944 986 1006 limitationes
1001 952 1172 1021 apponunt,
1239 1001 1240 1010 ,

137 1043 180 1096 Ἧι
194 1055 201 1094 :
217 1035 242 1094 si
257 1033 385 1094 clericus
398 1035 543 1094 malitiose
566 1035 697 1094 debitum
710 1031 872 1109 negaverit,
886 1040 916 1095 et
929 1033 1121 1094 nihilominus
1136 1041 1175 1094 ut

144 1123 261 1184 debitor
273 1123 362 1182 tuerit
376 1123 533 1184 damnatus
546 1141 553 1196 ;
565 1123 590 1182 si
605 1125 684 1195 dolo,
704 1123 751 1183 vel
766 1123 879 1195 fraude,
895 1129 926 1182 et
939 1123 995 1181 sub
1010 1139 1066 1198 spe
1079 1123 1174 1199 hujus
1239 1199 1240 1202 Ἴ

113 1213 120 1224 ’
144 1211 280 1272 beneficii
299 1228 340 1270 aes
364 1213 493 1272 alienum
512 1210 711 1284 contraxerit,
727 1210 753 1269 si
766 1210 917 1282 delictum,
932 1211 981 1270 vel
995 1211 1081 1286 qnasi
1093 1210 1172 1270 deli-

145 1308 227 1362 ctum
253 1299 445 1374 commiserit,
460 1301 498 1359 ob
513 1300 594 1376 quod
612 1299 829 1371 conveniatur3
843 1298 966 1360 siluerit
980 1299 1103 1374 defuga
1123 1316 1174 1360 au·
1239 1347 1240 1352 1

144 1396 282 1465 spectus;
299 1389 324 1446 si
346 1389 433 1447 tuerit
450 1406 509 1453 suo.
525 1387 672 1448 creditore
694 1387 801 1460 ditior,
824 1393 854 1448 et
869 1387 895 1446 si
908 1403 973 1447 rem
992 1387 1173 1447 familiarem

143 1477 295 1537 luxoriose
308 1477 435 1536 vivendo
450 1473 646 1552 dissipaverit.
661 1477 712 1536 llis
727 1476 847 1551 quidem
860 1475 891 1534 in
906 1475 1024 1535 casibus
1039 1477 1172 1536 clericus

144 1567 293 1626 cbaeratus
314 1566 422 1641 poterit
439 1582 493 1640 per
511 1575 654 1625 censuras
672 1570 702 1624 et
724 1580 876 1624 carcerem
892 1563 970 1639 adigi
991 1565 1032 1637 ‚ad
1048 1566 1172 1625 solven-

143 1655 229 1727 dum,
250 1671 312 1713 non
326 1661 424 1714 emen
439 1653 630 1730 probabiliter
645 1653 753 1729 poterit
774 1653 911 1712 omnibus
925 1653 986 1712 suis
999 1652 1088 1712 bonis
1102 1670 1171 1712 om-

144 1742 214 1801 nino
228 1741 348 1818 privari,
368 1758 406 1801 ne
420 1742 451 1800 in
464 1742 596 1801 dedecus
611 1741 700 1801 totius
720 1741 832 1802 ordinis
844 1738 1015 1802 mendicare
1029 1748 1169 1816 cogatur,

144 1845 213 1890 cum
227 1847 266 1888 ex
278 1831 379 1904 regula
390 1830 464 1905 juris
478 1830 616 1890 delictum
629 1847 765 1906 personae
786 1846 874 1889 snum
888 1835 987 1890 teneat
1000 1837 1169 1902 auctorem,

143 1928 173 1979 et
187 1934 248 1978 non
261 1917 368 1978 debeat
380 1918 411 1978 in
425 1917 560 1994 aliorum,
575 1936 611 1979 ac
623 1917 787 1996 praesertim
803 1917 942 1980 Ecclesiae
955 1912 1170 1980 detrimentum

143 2007 378 2081 redundaret).

175 2174 211 2240 (1)
232 2173 297 2238 Gap.
317 2171 457 2226 Odoardus
471 2173 495 2235 t,
511 2173 545 2225 de
564 2173 644 2224 solut.
665 2177 694 2225 et
713 2173 787 2224 Trid.
803 2186 870 2226 sess.
885 2173 925 2237 21,
942 2186 964 2224 c.
982 2175 1006 2238 2,
1023 2175 1057 2226 de
1076 2173 1124 2224 ret.
1138 2200 1169 2211 -

144 2245 178 2308 (it
194 2245 220 2308 gt
229 2244 261 2294 tv
278 2247 305 2294 et
316 2243 355 2306 38,
370 2243 456 2294 instit.
468 2243 501 2294 de
514 2245 610 2296 action.
627 2271 654 2282 -
666 2244 700 2308 (3)
714 2244 779 2310 Cap.
793 2245 833 2308 lu,
846 2245 879 2296 de
893 2259 948 2311 reg.
958 2247 1012 2310 jnr.
1028 2246 1056 2298 in
1065 2246 1088 2300 6,
1100 2245 1169 2297 Haec

144 2316 253 2380 quidem
267 2315 372 2380 dejure
386 2315 513 2366 canonico
528 2317 566 2366 ita
582 2315 739 2381 procedunt,
754 2319 784 2366 ut
802 2315 895 2367 videre
909 2320 951 2368 est
972 2330 1057 2381 penes
1071 2317 1169 2384 proba·
1239 2337 1240 2342 ¹

144 2391 187 2439 tos
200 2387 371 2445 canonistas;
387 2386 435 2436 sed
447 2400 480 2437 ex
493 2399 545 2436 usn
569 2386 618 2437 tori
636 2388 715 2437 aliter
729 2400 758 2447 se
772 2400 816 2438 res
833 2386 916 2438 habet
926 2389 1003 2452 juxta
1015 2389 1106 2440 varias
1119 2401 1168 2438 na·

144 2459 248 2508 tionum
261 2457 343 2522 leges.
357 2443 389 2507 lb
403 2457 546 2508 Germania
562 2457 659 2510 clerico
680 2458 799 2508 cbaerato
825 2463 978 2509 reservatur
996 2459 1084 2523 portio
1105 2472 1168 2511 cott-

143 2541 222 2593 pruo,
237 2529 308 2592 quod
323 2529 421 2592 probat
442 2527 603 2580 beneficium
622 2529 808 2595 competentiae
823 2530 861 2580 ibi
881 2542 935 2580 non
957 2543 1016 2582 asse
1037 2531 1168 2582 oblitera-

143 2602 210 2649 tum.
231 2599 354 2663 Phillips,
368 2599 386 2648 l,
401 2600 423 2661 l,
439 2599 451 2664 fi
467 2599 506 2649 60.
525 2599 557 2648 In
572 2599 659 2650 Gallia
673 2600 723 2650 hoc
735 2599 895 2651 beneficium
910 2601 1016 2652 clericis
1029 2601 1168 2653 sublatum

144 2671 195 2721 luit
211 2689 217 2720 :
233 2669 304 2720 idenr
318 2669 420 2720 obtinet
430 2671 457 2719 in
470 2670 530 2720 eliis
541 2670 698 2721 ditionibus.
714 2671 821 2733 Quanta
830 2669 881 2722 hcc
895 2671 942 2723 dut
951 2671 1114 2724 clericorum
1127 2672 1169 2722 in·

141 2741 215 2804 juria
232 2741 323 2791 statim
345 2741 512 2804 intelligitur.
532 2741 603 2794 Olim
625 2741 786 2793 clericorum
806 2755 904 2806 corpus
918 2743 1035 2806 primurn
1049 2747 1075 2794 et
1088 2744 1167 2795 nobi·

145 2812 198 2862 lius
209 2811 237 2860 in
251 2811 377 2862 societate
397 2812 479 2862 etiam
492 2813 601 2878 politica
619 2811 788 2872 habebatur;
802 2827 874 2864 nunc
891 2813 970 2864 bonis
984 2819 1012 2866 et
1024 2827 1164 2880 preroga-

144 2883 206 2932 tivis
220 2882 363 2946 spoliatum
377 2883 405 2932 in
418 2881 604 2934 humiliatione
620 2888 646 2934 et
662 2887 821 2950 paupertate
835 2885 891 2935 sere
904 2884 1007 2950 ubique
1021 2890 1163 2936 versatur:

143 2965 207 3003 nam
219 2952 310 3003 clerici
323 2965 446 3016 persaepe
470 2967 557 3019 neque
569 2956 631 3018 jure
646 2954 781 3004 communi
790 2955 881 3020 juvari
891 2958 1012 3020 possunt.
1022 2955 1102 3007 Abbd
1113 2958 1167 3008 An·

145 3022 193 3073 dre
206 3023 236 3072 in
249 3036 322 3074 curs.
331 3025 386 3088 jur.
402 3037 461 3074 can.
476 3025 551 3076 verb.
565 3023 716 3078 clericatus.
739 3025 819 3077 Hunc
841 3027 869 3076 in
888 3026 1005 3080 dedecus
1026 3027 1166 3093 religionis

144 3106 318 3160 progressum
330 3091 419 3145 attulit
435 3094 564 3149 moderna
576 3094 709 3148 educatio.
726 3096 841 3163 Phillips
858 3097 887 3149 d.
901 3097 921 3149 l.

179 3310 225 3365 vt.
245 3305 328 3366 circa
340 3305 469 3366 tertium.
490 3305 592 3367 Clerici
605 3325 644 3368 ex
648 3309 716 3384 jnre
725 3307 870 3368 canonico
879 3308 1102 3385 exemptionem
1111 3312 1164 3373 ha-

143 3392 215 3452 bent
228 3411 246 3452 a
259 3395 385 3469 publicis
399 3394 515 3482 tributis
533 3395 671 3468 reatibus,
688 3403 718 3456 et
735 3397 865 3458 maxime
877 3399 1090 3474 personatibus,
1108 3398 1164 3460 nisi

146 3480 212 3543 talis
239 3481 277 3542 sit
293 3483 463 3561 reipublicae
483 3489 587 3560 statua,
606 3491 642 3546 ut
654 3485 760 3562 ubsque
774 3485 841 3549 ullu
858 3487 1006 3550 coactione
1027 3487 1067 3548 od
1088 3485 1161 3549 cele
