2490 4088
501 221 643 281 ..37-

64 350 240 416 Congregatio
250 351 370 416 Rilnum,
378 355 409 404 ut
418 353 445 404 in
455 369 510 406 una
518 353 666 408 Nouarien.
676 353 700 408 7.
713 353 798 422 lipril.
811 355 872 408 1832
884 376 891 416 3
903 362 929 410 et
945 357 984 410 ta.
996 361 1082 424 eiued.
1129 321 1136 339 Ι

65 420 138 482 ital,
147 421 357 488 inaliaBriaien,
367 423 399 473 27
408 425 489 476 Febr.
500 425 570 482 tall,
579 439 659 490 panes
667 425 864 478 Gardellinum.
873 429 1020 494 Propterea
1029 431 1085 497 epi·

62 493 137 557 scopi
147 499 281 558 nequeunt
289 508 382 545 eornm
392 495 549 547 Calendario
560 510 629 548 nova
639 497 737 548 addere
747 497 905 551 Sanctorum
916 500 1011 566 officia,
1022 517 1083 568 quae

61 561 89 610 tn
103 563 240 615 Breviario
260 565 346 616 Plano
358 580 413 616 non
427 567 606 628 inveniantur,
627 569 670 619 vel
693 582 746 619 non
770 569 824 619 sint
838 570 876 620 ais
893 585 909 620 a
926 571 953 621 S.
973 573 1084 625 Ritunm

62 635 266 699 congregatione
283 649 418 696 concessa,
433 652 521 703 neque
535 651 567 690 ee
580 639 725 690 extendere
742 645 855 703 possunt
873 641 906 692 de
921 641 978 694 loco
994 645 1028 695 ad
1043 646 1083 695 lo-

61 717 134 766 cum,
148 709 192 756 ant
215 720 308 758 eorum
329 711 434 760 mutare
449 709 539 760 ritum.
556 737 587 746 -
607 709 642 773 (8)
663 710 882 774 Martyrologium
904 711 1085 766 Romanuma

61 773 188 840 Gregorio
201 777 270 828 XIII
289 779 400 841 editum,
410 783 467 831 eta
486 779 631 832 Benedicta
650 779 716 831 xlv
730 785 881 832 correctum
895 783 1082 849 obligatorium

61 851 100 895 est
115 861 163 912 pro
176 849 302 900 omnibus
320 849 443 902 ecclesiis
457 846 558 908 latinis,
573 854 602 902 et
621 850 703 902 etiam
723 863 770 914 pro
786 852 850 914 illis,
864 867 925 917 quaa
942 857 1082 920 proprium

61 916 176 979 Ilissale,
192 921 220 969 et
232 919 399 970 Breviarlum
413 935 467 972 non
481 921 582 973 hubent
596 942 604 970 ι
618 935 681 971 nam
699 921 771 972 idem
792 923 938 987 Gregorius
959 929 1083 991 sancivit,

59 991 97 1044 ut,
111 989 180 1038 omni
196 990 249 1041 alio
263 990 454 1056 Martyrologio
469 996 569 1055 amoto,
580 991 608 1041 in
621 993 748 1044 omnibus
762 994 882 1045 ecclesiis
894 997 1081 1061 saecularibus,

61 1062 85 1108 et
104 1060 274 1124 regularibus
296 1063 398 1128 absque
419 1063 476 1114 ulla
497 1063 655 1128 exceptione
674 1065 839 1115 servendum
857 1069 937 1124 esset,
957 1072 984 1118 et
1004 1073 1042 1128 ut,
1057 1071 1081 1122 si

61 1131 234 1193 particulares
252 1133 374 1184 ecclesiae
397 1133 464 1184 alios
486 1133 619 1185 haberent
639 1135 750 1186 Sanctus
772 1136 903 1187 celebrari
918 1137 1020 1201 solitos,
1035 1155 1081 1193 eos

61 1203 198 1266 nequirent
213 1203 241 1253 in
254 1203 305 1255 hac
318 1205 508 1271 Martyrologio
520 1206 651 1268 inserere,
666 1206 712 1258 sed
726 1207 857 1258 deberent
871 1211 1017 1273 separatim
1031 1225 1080 1264 sna

61 1270 124 1330 loco,
146 1277 172 1324 et
192 1275 287 1324 ordine
309 1275 460 1341 descriptos
484 1280 584 1327 tenere.
609 1276 669 1327 Bul.
690 1275 846 1330 Emendate.
869 1279 1030 1332 annovera
1052 1284 1081 1333 in

60 1341 137 1394 choro
150 1345 304 1396 adhibenda
318 1349 382 1396 sunt
392 1347 560 1412 exemplaria
574 1347 759 1412 Martyrologii
776 1362 792 1398 n
810 1349 923 1414 praelato
938 1349 1081 1407 BenedIcto

61 1415 177 1478 correcti,
190 1417 291 1481 quibus
304 1417 373 1467 nihil
387 1417 460 1475 addi.
476 1418 585 1480 mutari,
603 1417 647 1469 vel
665 1418 749 1469 adimi
772 1419 963 1486 ablEpiscopls
981 1427 1078 1486 potest,

60 1488 125 1537 sicut
138 1490 290 1540 continetur
308 1489 313 1498 '
349 1490 394 1540 cit.
412 1489 500 1550 Bulla,
516 1493 544 1541 et
557 1489 585 1540 S.
600 1489 710 1540 Ritnum
726 1489 903 1554 CongregetIo
918 1492 1037 1545 delinivit
1051 1496 1079 1547 in

59 1569 109 1606 una
123 1555 278 1611 Cremonen.
295 1503 423 1611 &lenm
438 1559 508 1611 1852.
518 1559 606 1611 luseri
620 1565 710 1610 temen
722 1560 750 1610 in
760 1561 853 1613 eodem
864 1567 978 1627 possunt
987 1565 1079 1617 Sancti
1094 1625 1100 1644 .

60 1628 91 1678 ab
103 1629 198 1681 ultima
216 1630 333 1682 adltione
350 1631 508 1689 canonizati,
523 1645 576 1682 non
593 1645 656 1682 vero
671 1631 746 1681 Beati
759 1633 926 1684 solummodo
939 1633 1078 1689 declarati.

60 1699 157 1751 Deerat.
181 1703 210 1752 S.
236 1703 318 1766 Cong.
343 1703 394 1754 itit.
416 1703 455 1754 30.
479 1703 549 1766 Aug.
575 1703 643 1754 1680.
666 1730 693 1740 -
708 1703 744 1767 (9)
758 1703 914 1755 Pontiilcale
928 1705 1077 1759 Romanum

61 1771 155 1822 editum
168 1786 184 1823 a
195 1772 334 1824 Clemente
352 1773 421 1824 VIII
432 1787 480 1840 per
494 1774 601 1824 Bullam
608 1773 650 1826 Ea
663 1787 724 1840 qao,
742 1778 769 1826 et
780 1775 815 1825 ab
825 1775 935 1827 Urbano
945 1774 1011 1828 VIII
1024 1793 1081 1831 cor-

61 1847 156 1892 rectum
179 1857 230 1908 per
252 1843 360 1894 Bullam
381 1843 509 1909 &amaia
526 1843 604 1907 aliar,
626 1844 752 1896 similiter
771 1845 960 1909 obligatorium
975 1853 1016 1898 est
1028 1863 1078 1915 pro

61 1914 179 1966 omnihus
189 1915 326 1977 Praelatis,
337 1918 364 1966 et
377 1915 500 1966 ecclesiis
514 1915 614 1966 latinis.
625 1915 683 1966 Nec
698 1915 820 1980 ejusdem
835 1916 897 1966 libri
913 1917 1078 1974 Pontificalis

60 1996 121 2036 nava
135 1985 219 2038 editio
232 1985 291 2036 fieri
305 1990 403 2050 potest,
418 1984 471 2037 nisi
486 1985 519 2037 de
533 1985 641 2037 licentia
654 1985 856 2052 Inquisitorem,
870 1987 913 2038 rel
925 1988 1078 2044 OrdInorio·

60 2068 111 2105 rom
125 2056 215 2115 modo,
232 2059 259 2108 et
273 2057 325 2108 sub
335 2057 423 2123 poenis
436 2070 485 2121 pra
499 2070 568 2107 nove
582 2057 712 2108 Breviani
730 2057 907 2121 impressione
922 2063 1075 2114 statutis.-

59 2125 102 2190 (lt)
118 2126 313 2178 Caeremoniele
327 2128 542 2192 episcoporuma
563 2128 699 2180 Clemente
712 2127 779 2179 VIlI
793 2129 821 2178 in
835 2129 892 2180 Bul.
909 2128 975 2181 Cam
984 2135 1074 2186 noad-
1146 2198 1148 2202 Ι

60 2197 127 2262 dnn,
141 2198 176 2249 ab
200 2198 357 2250 innocentio
372 2199 412 2248 Xl
431 2199 459 2249 in
474 2198 534 2248 Bul.
554 2195 611 2250 Etsi
628 2198 707 2262 aliae,
724 2203 751 2250 et
766 2213 781 2248 a
795 2200 941 2250 Benedicta
958 2201 1028 2252 Xlll
1047 2207 1075 2258 in

59 2266 111 2319 Bul.
122 2266 191 2321 Licet
203 2269 272 2320 aliae
282 2269 458 2333 publicatum,
469 2272 510 2320 est
519 2268 621 2333 pariter
633 2271 661 2318 in
670 2269 784 2320 ccclesia
793 2269 877 2320 letina
885 2270 1075 2334 obligatorium

59 2352 102 2404 pro
115 2341 252 2398 omnibus,
269 2340 304 2391 ad
321 2354 389 2406 quos
404 2341 517 2404 spectat.
534 2340 590 2390 Nec
602 2339 675 2390 valet
688 2343 781 2390 contre
797 2344 885 2404 ipsum
899 2345 1072 2412 consuetudo,

58 2411 104 2462 nisi
118 2412 154 2463 sit
167 2411 378 2472 Immemorinlis,
393 2413 420 2462 et
434 2409 596 2462 laudabilis:
612 2423 689 2461 sacra
703 2411 775 2461 enim
785 2411 960 2477 congregatio
974 2413 1070 2468 defini-

58 2482 98 2540 vit,
111 2482 299 2534 caeremoniale
312 2483 472 2548 preadictum
487 2483 520 2532 ab
535 2481 660 2532 omnibus
672 2495 731 2533 esse
745 2483 943 2535 observandum
968 2489 1005 2538 ad
1018 2501 1069 2539 an·

58 2566 133 2616 pem,
150 2556 177 2605 et
194 2568 248 2604 non
262 2553 391 2618 prodesse
404 2553 616 2610 affirmationem,
632 2551 699 2602 illud
713 2567 766 2603 nan
783 2553 866 2605 luisse
881 2563 1026 2624 receptum.
1037 2560 1069 2612 In

58 2617 225 2678 Salernitana
240 2625 278 2675 la.
293 2625 349 2676 Iul.
365 2624 433 2676 1605.
444 2651 475 2660 -
489 2622 539 2687 (ll)
556 2623 670 2674 Demum
682 2622 789 2674 thnale
803 2625 954 2680 Romanum
968 2631 1070 2684 aditum

58 2697 163 2748 aPaulo
178 2697 204 2749 V
218 2711 269 2762 per
293 2696 354 2747 Bul.
373 2694 524 2761 apostolice
546 2693 611 2755 sedi,
631 2697 658 2745 et
679 2707 695 2743 a
713 2694 858 2747 Benedicta
871 2699 945 2758 XIV,
960 2705 1069 2752 auctum

58 2771 80 2818 et
93 2771 251 2832 castigatum
263 2781 313 2832 par
329 2766 435 2818 Bullam
452 2757 548 2830 Quam'
561 2763 671 2816 ardenti
688 2764 740 2829 ipsi
763 2764 864 2817 Rituali
889 2771 1067 2836 praemissam,

58 2840 150 2902 pariter
162 2839 354 2904 obligatorium
367 2840 416 2890 est.
432 2837 503 2889 Olim
517 2835 627 2902 quidem
640 2835 754 2886 dubium
770 2849 829 2887 essa
843 2844 960 2906 poterat,
974 2855 1009 2892 an
1022 2843 1068 2892 Ri-

57 2912 118 2963 tuala
130 2911 246 2961 haberet
258 2911 312 2959 vim
322 2909 399 2974 legis,
415 2912 446 2960 ut
466 2907 566 2959 habent
580 2906 698 2969 Missale,
712 2906 889 2969 Breviarium,
908 2913 1064 2977 Martyrolo-

57 2986 128 3044 gium,
146 2981 311 3046 pontificale,
326 2984 353 3032 et
362 2978 563 3039 Caeremonlnle,
577 2991 608 3028 ee
619 2977 755 3042 praecipue
770 2977 803 3030 de
817 2993 907 3043 causa,
923 2984 986 3048 qula
995 2997 1065 3048 pree·

57 3052 116 3106 latus
135 3052 238 3104 Paulus
252 3051 377 3102 Pontifex
392 3052 421 3100 in
435 3049 514 3101 Bulla
527 3047 653 3100 editionis
674 3061 742 3099 usus
766 3052 808 3100 est
831 3052 914 3104 verbo
927 3053 1070 3106 hortamur

56 3135 94 3187 pro
109 3124 283 3188 mandamns,
297 3123 375 3188 quasi
394 3122 517 3173 hortatus
533 3121 577 3184 alt,
597 3132 690 3170 omnes
712 3119 746 3170 nd
768 3119 844 3172 illum
858 3124 1064 3188 opservandum,

56 3206 99 3245 non
111 3201 202 3247 antem
220 3195 357 3246 observari
376 3192 544 3258 praeceperit.
560 3190 613 3241 Sed
630 3191 667 3240 lta
682 3204 737 3240 non
754 3196 794 3241 est
811 3212 817 3241 z
834 3207 897 3244 nam
910 3195 978 3245 idem
994 3196 1065 3246 Pon·
1102 3201 1105 3208 '

56 3265 108 3316 tiler
130 3271 275 3331 antequam
294 3265 447 3315 hortaretur
465 3262 604 3328 protessus
627 3264 681 3322 est,
706 3275 784 3312 suum
807 3263 913 3314 Rituale
928 3266 1064 3318 continere

57 3336 118 3400 ritus,
138 3337 186 3403 pai
205 3337 237 3388 in
257 3339 488 3388 sacramentorum
507 3330 752 3395 administratione,
768 3336 793 3385 et
809 3333 872 3385 aliie
886 3335 1065 3389 ecciesiasticis

55 3406 227 3469 spretionibus
248 3405 353 3459 seranni
366 3405 476 3466 debent;
492 3408 519 3455 et
532 3403 691 3466 declaravit,
710 3416 740 3454 se
756 3417 855 3454 novum
874 3403 981 3467 Rituale
997 3408 1063 3460 dare

55 3477 196 3543 Apostolica
208 3477 277 3530 sedis
290 3476 460 3529 anctoritate.
476 3474 577 3526 Deinde
590 3487 644 3524 non
657 3474 725 3524 dixit
739 3473 895 3539 simplidter
910 3475 1062 3542 hortamur,

56 3551 90 3600 scd
102 3551 247 3604 hortamur
260 3548 289 3600 in
303 3545 427 3609 Domino,
444 3561 493 3614 par
504 3544 574 3610 quod
589 3549 724 3610 praecepto
739 3546 895 3610 adjungitur
905 3547 1020 3600 hortatio
1032 3549 1062 3599 in

54 3624 149 3674 nomine
164 3621 281 3685 Domini,
295 3623 326 3672 ut
342 3619 493 3672 accuratius
510 3619 666 3682 exequatur.
682 3615 785 3668 Revera
803 3623 863 3681 post
881 3618 981 3670 dictum
998 3633 1058 3672 ver·

148 3711 172 3765 I.
934 3707 948 3766 3
