2468 4090
483 179 645 238 ..205-

48 299 262 376 contusionem,
286 307 316 362 ot
337 297 492 377 precarias
513 298 646 360 minister
667 315 766 376 neque
789 297 861 363 satis
878 302 977 374 potest
999 311 1070 356 sues

47 405 211 465 agnoscere
235 405 317 464 oves,
341 406 439 466 neque
461 390 537 450 solet
560 399 626 448 esse
651 386 812 463 dispositus
835 385 965 448 manem
984 400 1070 445 suam

47 495 159 553 ponere
181 495 238 555 pro
260 478 415 538 animabus
429 473 485 537 'sibi
499 475 676 546 commissis,
697 492 766 535 cum
779 493 847 536 esse
869 473 965 552 possit
983 471 1068 548 atius,

48 567 158 642 quide
182 567 337 626 animabus
363 566 420 627 illis
446 566 484 626 sit
510 566 654 626 rationem
674 564 854 625 redditurus¹
875 562 1069 624 Nihilominus

48 655 227 731 quaudoque
245 672 283 715 ex
301 653 528 727 consuetudine,
543 656 592 714 vel
614 671 653 714 ex
667 655 749 728 iusta
765 669 855 713 eausa
868 654 975 730 ajure,
989 652 1070 712 veta
1166 715 1171 724 ,

48 747 73 802 S.
86 743 324 820 congregatione
337 744 465 820 probata
481 744 583 820 plures
596 742 628 802 iu
645 759 705 803 uua
721 741 863 820 parochia
875 740 1070 803 admittrmtur

47 832 180 907 Parochi,
195 840 226 894 et
238 833 328 894 etiam
341 831 515 894 amovibites
527 837 579 907 (t).

75 1000 109 1063 (1)
121 999 183 1052 Hoc
196 999 372 1051 confirmatur
384 1011 403 1050 a·
412 997 578 1066 Tridentino,
589 1009 656 1050 sess.
670 995 710 1062 at,
721 1009 745 1048 c.
758 995 796 1055 ta,
808 993 841 1047 de
851 995 899 1047 ret.
910 994 982 1061 quod
995 996 1069 1062 post-

48 1082 125 1134 quam
138 1069 279 1121 mandavit
289 1069 436 1136 episcopis,
456 1071 488 1122 ut
501 1067 627 1120 distincto
641 1066 738 1134 populo
750 1067 781 1119 in
799 1069 885 1119 certus
894 1064 1070 1132 propriasque

47 1140 197 1205 parochias,
209 1142 355 1207 unicuique
367 1142 613 1206 comperpetuum
625 1137 846 1204 ornatioremque
859 1135 1009 1189 Porcellum
1025 1149 1069 1188 as·

48 1213 159 1276 sertem,
174 1214 222 1279 qui
237 1227 283 1266 ecs
300 1224 452 1278 cognoscere
471 1210 568 1272 vatem,
588 1213 614 1263 et
633 1223 652 1261 o
669 1223 720 1276 quo
737 1210 790 1261 solo
804 1211 973 1261 rasamenta
985 1206 1069 1260 maci-

48 1283 139 1344 ut'ant;
155 1284 257 1342 subdit,
277 1286 325 1335 cat
346 1281 401 1335 atio
414 1282 521 1336 utiliori
534 1281 622 1345 modo,
639 1284 718 1345 prout
738 1280 788 1333 loci
810 1279 928 1346 qualitas
944 1276 1070 1344 caeperit,

49 1355 215 1417 provideant.
231 1356 276 1406 Sic
289 1354 414 1419 Capitula
428 1353 608 1414 cathedralia,
623 1353 722 1418 quibus
736 1353 841 1404 adnexa
862 1356 904 1403 est
924 1363 989 1402 cura
1010 1347 1070 1400 aui·

50 1438 160 1486 marum,
176 1429 289 1493 possunt
302 1425 431 1490 deputare
443 1439 537 1484 unum,
552 1427 599 1476 aut
612 1423 705 1490 piures
725 1424 759 1475 ad
778 1423 898 1475 eamdem
916 1434 1008 1473 curam
1024 1433 1070 1484 ge·

50 1497 166 1547 rendam.
182 1496 384 1548 Sourtantouius
411 1493 445 1545 ad
467 1495 579 1560 Ceccop.
599 1495 617 1545 t.
637 1494 660 1554 3,
675 1499 694 1546 t.
708 1494 732 1556 ³,
742 1494 858 1546 animad.
872 1492 909 1544 tt.
925 1491 970 1542 Sic
979 1491 1070 1555 Regu-

50 1564 125 1627 lares,
140 1567 188 1633 qui
201 1567 358 1632 parochiam
378 1566 489 1624 hebent,
509 1565 641 1630 deputant
653 1565 800 1627 vicarium,
815 1564 862 1630 qui
880 1575 972 1614 curam
993 1574 1071 1613 exer-

51 1643 112 1700 ceat,
130 1639 233 1704 quique
248 1637 461 1690 estamovibitis.
476 1635 651 1701 Monaesum,
665 1639 735 1702 part.
750 1635 775 1696 2,
790 1637 808 1685 t.
830 1635 867 1696 13,
885 1635 935 1684 tor.
951 1634 974 1696 t,
989 1645 1016 1681 n.
1031 1631 1071 1682 87.
1178 1643 1180 1650 ’

50 1706 95 1759 Hm
107 1715 199 1760 tamen
215 1709 403 1775 deputatioues
424 1711 487 1758 suut
501 1721 609 1772 semper
622 1707 657 1759 ab
672 1707 803 1771 Episcopo
819 1703 983 1769 probandus
994 1702 1071 1753 Prae-

52 1783 120 1831 tersa
140 1782 169 1831 in
186 1780 284 1842 Gallia,
304 1784 332 1830 et
349 1778 414 1829 aiibi
437 1778 530 1829 muttae
549 1784 612 1830 sunt
626 1776 760 1844 parochiae
775 1774 943 1837 succursules,
954 1785 1016 1839 quae
1029 1785 1071 1822 re·

52 1856 147 1913 giratur
160 1865 177 1902 e
190 1850 318 1902 Parochis
329 1849 529 1901 amovibitibus.
544 1849 662 1915 Ideoque
675 1861 763 1912 neque
775 1849 928 1912 jussaeque
946 1844 972 1896 S.
988 1843 1072 1896 Sedes

52 1923 182 1985 prohibet,
196 1927 227 1972 ut
239 1921 401 1988 quaudoque
415 1921 513 1971 dentur
526 1919 619 1986 plures
635 1922 664 1970 in
677 1933 732 1971 una
751 1917 879 1984 parocbia
902 1914 1026 1974 Perochi,
1046 1917 1073 1966 ei

53 1998 79 2043 ut
90 1993 117 2044 in
130 1992 265 2059 parochiis
280 2005 313 2043 er
326 1989 589 2042 circumstantiarum
610 1991 751 2055 gravitate,
769 1990 810 2042 vet
829 1989 988 2040 necessitate
1006 1999 1070 2038 con-

52 2064 195 2117 stituantur
207 2063 323 2115 Parecbl
337 2077 391 2114 nou
404 2062 537 2128 perpetui,
555 2062 603 2114 ead
619 2060 787 2124 amoribites,
804 2061 852 2126 qui
865 2063 956 2113 buren
969 2059 1072 2123 absque

50 2134 119 2198 justa
135 2149 219 2188 causa
234 2134 367 2210 removeri
382 2147 437 2186 uon
448 2131 557 2184 debent.

82 2326 146 2384 205.
167 2321 294 2383 Parcchi
315 2328 450 2399 potestas
470 2325 516 2382 est
538 2320 705 2393 ordinaria,
732 2335 801 2381 eam
822 2319 948 2396 proinde
973 2326 1074 2397 potest

53 2411 111 2472 aliis
124 2410 242 2472 clericis
254 2411 371 2472 idoneis
384 2409 543 2486 delegare3
559 2410 613 2470 sed
625 2410 664 2469 ad
678 2411 776 2469 iorum
789 2408 938 2470 internum
952 2410 1073 2486 proprie

52 2500 255 2576 restringitur:
271 2515 343 2559 uam
356 2499 387 2558 iu
401 2499 467 2558 ioro
481 2505 607 2559 externo
625 2497 831 2575 jurisdictione
847 2498 978 2560 maxime
1000 2517 1073 2560 oon·

52 2589 176 2650 tentiosa
187 2594 279 2662 caret,
293 2586 364 2664 quia
375 2604 413 2648 ex
426 2587 502 2662 J‘uris
516 2585 710 2664 dispositione
726 2604 824 2647 esusae
836 2603 941 2648 omnes
953 2588 992 2647 ad
1006 2587 1073 2664 Epi-

53 2691 175 2754 scopum
193 2683 264 2737 sunt
283 2677 463 2750 deterendae,
488 2682 519 2736 et
539 2692 628 2736 nemo
646 2677 892 2752 Presbyterorum
911 2677 1001 2737 habet
1022 2694 1074 2737 eas

52 2765 250 2842 cognoscendi
262 2766 453 2826 facultatem:
469 2771 500 2825 et
518 2766 631 2840 quoda
653 2765 787 2828 Parocho
808 2764 838 2824 in
859 2765 925 2825 toro
947 2771 1073 2825 externo

52 2853 211 2930 peragitur,
224 2871 285 2914 non
300 2854 338 2913 ad
356 2853 604 2930 jurisdictionem,
626 2854 681 2914 scd
701 2853 739 2912 ad
762 2853 926 2928 simplicem
948 2853 1074 2913 admini-

53 2937 232 3016 strationem,
246 2944 295 3002 vel
309 2941 462 3002 notionem
475 2943 613 3014 retertur,
630 2941 717 3000 sicuti
735 2947 781 3001 est
801 2940 960 3002 ecelesiam
972 2947 1075 3003 custo·

53 3027 122 3106 dire,
152 3031 287 3106 ejusdem
311 3031 430 3107 negotia
451 3045 567 3106 gerere,
592 3029 673 3089 hona
697 3029 866 3104 defendere,
887 3029 1075 3092 functionum

52 3121 182 3194 modum,
197 3127 228 3180 et
245 3127 364 3197 tempus
377 3119 582 3197 praescribere,
604 3125 634 3180 et
652 3117 791 3194 indignos
808 3118 901 3180 laicos
922 3121 970 3180 vel
988 3121 1074 3199 cleri7
1091 3107 1105 3138 ⁴

53 3223 101 3269 cos
115 3227 135 3270 a
150 3208 384 3286 participatione,
404 3210 453 3269 vet
473 3226 491 3267 a
512 3207 712 3268 celebratione
730 3206 898 3267 divinorum
917 3211 1072 3285 repellere,

53 3295 165 3375 aliaque
183 3296 230 3357 bis
250 3297 364 3358 similia.
386 3302 547 3373 Propterea
569 3313 586 3356 a
605 3313 680 3356 vero
701 3298 827 3357 multum
849 3297 1003 3371 aberrant,
1024 3297 1075 3374 qui

53 3387 182 3448 Parocho
204 3386 338 3447 tribuunt
358 3392 536 3463 potestatem
548 3385 662 3446 terendi
676 3401 827 3460 censuras,
843 3392 895 3447 aut
909 3385 964 3446 sibi
975 3404 1074 3449 reser-

53 3475 139 3536 randi
150 3475 350 3552 quorumdam
364 3481 559 3551 pcccatorum
571 3473 787 3534 absolutionem
801 3481 812 3548 (
832 3480 853 3547 ).

84 3571 156 3627 ttaec
170 3563 321 3626 ordinaria
335 3563 459 3626 parochi
472 3569 605 3641 potestas
616 3561 658 3623 ita
670 3563 869 3639 connectitur,
882 3569 913 3626 et
927 3564 1074 3630 submitti-

158 3663 182 3717 1.
936 3665 965 3718 12
