2468 4090
603 201 633 222 ι,-
655 171 708 228 ela
732 199 759 214 «-

167 326 178 356 ι
197 305 255 360 obis
268 303 303 356 ad
317 302 501 362 residentium,
523 304 616 368 posset
638 294 784 370 procedere
801 300 837 354 ed
850 301 1027 368 privationem
1042 301 1187 367 parochie,

166 397 178 426 ι
196 383 224 430 et
237 375 277 428 elo
291 389 325 426 en
338 373 423 426 verbe
435 373 484 426 ille
496 372 658 438 Tridentini,
668 373 752 427 etiam
760 386 843 440 euque
856 373 894 425 ad
906 371 1091 439 privationem,
1105 371 1187 428 iutel-

167 467 180 497 ι
197 448 346 512 ligarentur
360 444 500 504 inclusive,
515 445 610 498 eadem
624 445 825 511 Congregetiott
833 445 906 510 junii
919 445 990 503 titi.
1004 445 1091 503 sensit,
1105 443 1187 496 intet-

169 537 181 570 e
199 517 306 583 tieende
319 530 372 570 esse
387 515 526 579 laetumve,
539 514 684 568 dummodo
698 516 879 584 precesserint
904 514 960 568 tria
980 514 1065 568 edicte
1075 515 1188 580 publica,

169 609 182 642 e
199 592 225 643 et
239 588 310 654 treet
326 589 382 642 sint
395 601 440 640 eeu
455 600 558 640 numer
570 589 655 653 jacto
675 589 756 652 ceput
770 587 811 638 lix
825 590 880 638 tuee
892 584 926 638 ete
939 586 1002 638 oter.
1016 598 1070 638 ooo
1081 584 1161 638 restet.
1176 603 1185 630 ι

167 663 302 716 cetemm
315 659 564 718 animadvertimus,
582 673 662 724 posse
679 659 844 724 Episcopum
859 657 1011 724 quamlibet
1023 659 1146 709 maluerit
1159 671 1189 707 ex

168 733 212 785 hia
226 733 314 799 poenis
328 731 465 798 prosequi,
486 731 551 797 quie
570 730 758 781 Tridentinum
772 729 885 781 liberum
905 742 958 781 esse
971 729 1028 782 uult
1043 726 1190 782 ordinariis

169 817 218 872 per
239 815 367 856 censuros
390 800 595 864 ecclesiasticas,
614 814 662 866 per
679 799 924 867 sequestrationem,
944 803 970 852 et
987 799 1189 853 subtractionem

169 876 319 958 eneruem,
335 879 396 931 eto..
412 879 505 925 contre
521 873 648 924 absentes
663 873 865 938 procederea-
877 872 913 935 (5)
934 872 975 922 Ite
991 871 1129 922 delinitum
1144 871 1190 921 luit

170 947 199 998 in
211 947 269 998 bul.
284 942 369 996 Grave
383 944 522 996 Benedicti
537 944 657 996 len-
628 943 707 1008 -(e)
727 942 821 994 Brevis
844 942 903 994 haec
919 943 1067 994 ebseutie
1061 956 1088 992 ιιι
1098 942 1190 992 ultime

171 1019 308 1072 Geuuensi
321 1016 474 1068 dioecesenu
490 1015 596 1080 Synodo
614 1014 721 1078 dicitur,
744 1028 806 1080 qnae
824 1013 879 1064 hon
903 1014 1007 1065 excedit
1022 1019 1085 1072 tres,
1103 1013 1145 1064 vel
1158 1013 1189 1062 ed

170 1100 305 1142 summum
325 1088 443 1153 quinque
458 1087 526 1138 dies.
542 1086 605 1149 Cep.
622 1086 661 1144 te,
681 1100 709 1136 ιι.
727 1086 751 1135 l.
767 1086 928 1137 Benedictus
943 1085 1018 1146 XIV,
1033 1085 1095 1136 lust.
1110 1085 1148 1134 ll.
1164 1110 1188 1119 -

172 1159 208 1225 (l)
224 1159 302 1210 Retio
316 1161 366 1216 est,
382 1159 445 1222 quie
459 1157 648 1208 Tridentinum
663 1157 733 1208 bano
757 1157 948 1220 obligationem
961 1158 1090 1221 imposuit
1110 1153 1186 1206 omui·

172 1232 225 1284 bus
239 1230 345 1281 Curetis
360 1229 544 1288 inlerioribnS‚
559 1231 587 1280 et
600 1227 661 1279 eliis
673 1229 898 1294 quibuscumque,
913 1229 958 1293 qul
972 1227 1131 1279 beneficium
1149 1226 1188 1275 eli-

172 1301 244 1368 quod
260 1301 472 1352 ecolesieslieum
487 1313 579 1350 curem
594 1300 746 1350 animarum
764 1300 867 1352 babens
882 1299 1017 1350 obtinent.
1032 1299 1186 1351 Sess.‘13.o.

174 1374 198 1436 t,
213 1373 246 1423 de
261 1371 309 1422 rel.
325 1371 396 1436 quod
410 1371 569 1422 confirment
584 1370 613 1421 S.
631 1371 852 1436 congregationis
866 1371 1025 1422 decisiones
1045 1371 1097 1421 Nec
1111 1371 1187 1420 Pero-

173 1443 240 1496 ohus
251 1442 391 1507 coadjutus
410 1442 541 1494 liberetur
560 1441 737 1493 eresidentia
753 1447 900 1507 propterea
915 1442 986 1507 qnod
1006 1442 1103 1492 habeut
1116 1439 1188 1491 coed-

170 1517 298 1581 J'utorem‚
313 1513 417 1564 etiamsi
438 1512 482 1564 hic
503 1517 612 1579 propter
633 1513 818 1564 inlirmitetem
831 1511 992 1578 principalis
1004 1512 1189 1564 detusluisset.

173 1588 201 1638 S.
217 1587 299 1650 Cong.
316 1585 343 1634 in
358 1581 476 1635 ericen.
492 1585 506 1634 5
520 1583 644 1634 novemb.
661 1585 733 1646 1620;
752 1589 779 1634 et
792 1584 830 1635 ite
843 1586 936 1636 tenent
956 1584 1129 1636 communiter
1141 1583 1187 1632 Do·

174 1660 270 1719 oteres,
285 1655 349 1720 quie
365 1655 489 1720 ooedjuto
510 1668 565 1706 non
585 1655 708 1706 aufertur
727 1655 877 1707 animorum
895 1669 968 1708 cure.
982 1655 1055 1706 idem
1071 1653 1188 1722 procedit,

175 1729 198 1780 si
214 1725 351 1778 Peroobus
364 1725 464 1776 hebeet
477 1740 646 1778 oeoonomum
668 1731 801 1790 curetum,
822 1727 869 1792 qui
883 1729 942 1792 ejus
955 1727 1028 1778 vices
1047 1725 1186 1791 adimpleat.

174 1800 260 1851 Immo
275 1795 413 1848 Perocbus
435 1797 542 1847 etiemsi
561 1796 660 1848 hebeat
649 1798 873 1863 tcoadJ'utorem
888 1799 944 1850 sive
957 1811 1131 1860 oeconomum,
1143 1807 1189 1846 nou

175 1871 265 1936 potest
278 1867 401 1920 habitere
422 1871 499 1918 extre
519 1868 587 1920 flues
604 1870 741 1934 peroebiae
756 1883 824 1934 suee,
839 1875 869 1919 ut
889 1869 1076 1922 declaravits
1088 1864 1220 1920 Concilil

78 1926 80 1931 ¹
176 1939 354 2003 Congregetur
369 1939 413 1991 die
426 1938 458 1990 ti
471 1938 551 1990 Febr.
568 1940 657 2002 1851,“
650 1954 678 1990 ιιι
689 1954 771 1992 reuse
787 1940 929 2004 quusdem
942 1941 1057 1991 Perochi
1072 1937 1186 1996 larue,

177 2011 227 2094 qui
235 2009 318 2092 justis
338 2010 371 2062 de
392 2010 482 2062 causis
498 2011 613 2075 gretiam
633 2012 745 2077 petebat
761 2011 903 2064 hebitendi
916 2015 993 2063 extre
1009 2006 1220 2084 puroohiem'
1165 2019 1187 2056 ιι

176 2083 292 2140 viciniis,
308 2089 334 2132 et
351 2082 438 2146 gretie
455 2081 507 2132 luit
524 2089 631 2148 negate.
653 2083 694 2134 Eu
709 2082 821 2134 adverso
838 2082 976 2135 Perochus
990 2081 1110 2134 tentum
1103 2095 1130 2132 ιι
1144 2078 1220 2128 lu

121 2207 126 2222 ,
178 2155 238 2207 bitu
250 2167 284 2206 ex
296 2153 347 2205 hoe
362 2154 449 2217 capite
470 2152 506 2206 ed
525 2153 699 2210 residendum
721 2167 776 2206 uon
790 2157 906 2216 beetur,
919 2155 984 2220 quie
997 2168 1088 2208 curam
1097 2151 1184 2205 enine

179 2239 241 2278 rum
252 2226 315 2279 ectu
330 2238 385 2277 non
397 2221 489 2278 hebet.
