2468 4090
453 195 613 255 -nr-
924 251 935 279 ‚

14 317 60 376 mb
78 315 237 394 Episcopi
260 333 342 389 cura,
363 323 523 396 postquam
540 319 579 380 ab
604 317 660 380 illis
681 319 879 396 desciverunt,
906 317 1052 400 aquibus

14 422 111 466 eorum
124 405 288 484 originem
305 414 445 484 repetunt
459 413 470 483 (
489 411 511 478 ).
775 428 777 440 ¹

37 554 69 620 (l)
85 554 176 608 Circa
190 556 385 606 canonicorum
398 555 539 622 originem,
552 555 745 622 pretermissis
754 555 934 622 quorumdem
943 555 1049 622 opinio·

14 626 95 688 nibus,
105 627 188 678 illud
203 627 347 688 tradimus,
356 627 429 693 quod
441 628 470 678 in
484 627 632 681 pontificiis
642 627 823 678 monumentis
836 627 987 692 ruperimus
1001 640 1050 680 ax·

14 710 145 762 pressum,
162 699 314 749 canonicos
338 712 433 764 nempe
448 697 598 762 Reguleres
619 697 645 748 S.
665 697 811 763 Augustini
835 702 1004 764 nuncupatos
1022 697 1052 750 in

15 767 171 832 primordiis
187 768 320 820 Ecclesiae
334 769 505 834 clleligiosis
521 769 621 821 Christi
636 767 785 834 Discipulis
801 769 886 820 inissa
901 768 1050 833 institutos,

15 851 107 904 eosque
122 840 269 904 originem
283 839 410 891 habuisse
427 840 461 890 ab
472 840 620 906 apostolis.
644 839 806 891 Benedictus
819 839 875 890 xli
892 838 921 890 in
938 839 995 891 bul.
1010 839 1052 892 Aa

15 909 141 975 docorem,
159 916 193 962 et
210 911 238 962 S.
250 911 353 971 Piusll
363 912 391 962 ln
402 911 462 963 bul.
476 909 543 964 dum
556 925 588 964 ec
604 909 741 963 ordinum.
756 909 823 962 Inde
837 925 870 962 ex
884 910 1050 963 ecclesiasti·

16 983 47 1032 cis
59 982 198 1034 historiis
208 981 319 1033 abunde
342 985 455 1044 cunstat,
480 984 623 1034 canonicos
638 983 722 1034 vitam
740 981 850 1034 duxisse
871 995 1050 1046 communem,

16 1066 89 1116 quam
104 1054 137 1104 in
154 1054 266 1105 oriente
281 1052 386 1118 jamdiu
403 1053 561 1117 admissam,
576 1054 604 1104 iu
620 1052 786 1105 occidentem
807 1051 903 1104 detulit
915 1051 945 1104 S.
962 1051 1050 1104 Euse-

16 1123 71 1176 bius
82 1125 288 1182 vercellensis,
299 1125 456 1191 Episcopus,
471 1138 607 1190 quamque
616 1129 710 1190 postea
724 1123 751 1176 S.
766 1125 936 1188 Ambrosius,
948 1122 977 1174 S.
992 1122 1050 1174 Au·

18 1197 149 1259 pisticus,
167 1196 201 1247 S.
216 1195 348 1247 Martinus
362 1195 536 1260 Turonensis,
550 1197 666 1262 aliisque
682 1197 808 1264 Episcopi
824 1195 983 1263 probarunt.
996 1193 1050 1245 Ga·

18 1269 100 1320 muici
114 1269 149 1320 in
166 1267 306 1319 communi
316 1267 447 1329 viventes,
459 1271 484 1319 et
495 1269 524 1318 in
543 1267 664 1320 deterius
678 1268 819 1329 abeuntes,
837 1266 937 1318 saeculo
953 1263 1049 1318 Eccle-

21 1339 61 1388 sia
74 1343 178 1390 octavo
196 1337 419 1403 aGbrodogangc
433 1338 595 1390 Metensium
608 1339 741 1406 Episcopo
755 1339 783 1389 iu
797 1338 885 1390 Gallie
898 1335 1049 1388 accuratio·

22 1423 69 1459 rem
84 1413 259 1477 aeceperunt
270 1409 401 1474 regulam,
411 1410 439 1460 in
454 1410 560 1476 Synode
570 1409 785 1475 Aquisgranensi
795 1413 910 1470 auctam,
923 1408 957 1459 ob
968 1419 1050 1473 quem

21 1481 247 1532 assimilabantur
260 1480 408 1544 monachis,
421 1481 484 1532 licet
500 1481 627 1546 religiosa
639 1485 764 1532 votanon
779 1481 939 1532 emitterent.
952 1479 985 1529 ln
994 1479 1050 1529 mm

22 1549 96 1615 hujus
108 1551 219 1617 regulae
234 1552 280 1616 qui
291 1550 325 1603 ad
340 1551 524 1604 canonicalem
543 1556 644 1603 statum
665 1552 872 1614 contendebant,
887 1550 985 1601 durum
999 1547 1049 1600 de·

22 1621 118 1674 babent
131 1624 246 1686 exigere
259 1623 419 1674 novitiatnm
433 1623 484 1674 snb
499 1623 637 1690 prepositi
661 1636 735 1685 eura,
749 1625 777 1674 ct
789 1622 956 1674 institutione
970 1619 1049 1672 scho-

23 1691 114 1744 lastici.
130 1695 301 1745 Benedictus
314 1693 379 1744 XIV
393 1693 427 1744 de
442 1693 540 1758 Synod.
557 1695 575 1745 l.
595 1694 632 1758 ll,
647 1707 670 1746 c.
684 1693 707 1752 3,
722 1708 750 1744 n.
766 1694 819 1744 3et
832 1706 907 1760 seqq.
923 1691 976 1744 Sed
989 1690 1050 1742 heac

24 1763 72 1814 rita
85 1766 242 1816 communis
259 1764 388 1816 asaeculo
407 1765 441 1827 X,
459 1765 623 1830 quibusdam
638 1765 666 1816 in
678 1765 747 1816 locis
762 1765 865 1830 despici
879 1763 972 1829 coepit,
987 1775 1050 1813 cum

25 1837 143 1887 nonnulli
156 1837 292 1898 levamen,
316 1849 365 1887 seu
388 1836 541 1888 libertatem
564 1837 732 1902 querebant,
746 1850 800 1888 non
822 1836 998 1900 disciplinam,
1020 1833 1051 1884 ut

25 1906 207 1970 singulariter,
222 1907 278 1958 sive
293 1908 461 1959 saeculariter
473 1909 564 1959 vivere
578 1914 699 1976 possent,
709 1912 735 1959 et
754 1907 853 1959 seculo
867 1907 931 1969 XII,
946 1906 1049 1970 ubique

27 1990 88 2040 pene
104 1979 249 2044 antiquata
263 1979 323 2039 init,
338 1992 419 2044 quam
433 1979 585 2030 instaurare
599 1980 688 2032 conati
701 1983 765 2031 sunt
774 1979 801 2030 s.
816 1977 914 2030 Petrus
925 1973 1050 2030 Damiani

28 2047 51 2096 in
63 2049 154 2108 ltalia,
171 2050 198 2100 S.
223 2050 269 2100 Iro
288 2049 461 2100 carnotensis
475 2050 503 2100 in
519 2049 616 2114 Gallia,
631 2053 658 2101 et
674 2051 700 2102 s.
720 2051 852 2102 Ecbertus
869 2045 1050 2100 Eboracensis

30 2117 52 2167 in
63 2121 174 2186 anglia.
190 2121 296 2186 Exque
310 2121 411 2171 iactum
425 2127 474 2182 est,
489 2126 518 2171 ut
535 2121 581 2186 qui
598 2123 669 2173 inter
686 2121 835 2172 Canonicos
850 2120 989 2185 antiquam
1007 2116 1048 2169 vi·

30 2191 75 2238 tam
91 2205 264 2242 communem
278 2192 454 2243 instauratam
467 2192 635 2254 retinuerint,
651 2193 772 2244 canonici
786 2191 946 2256 Reguleres,
962 2185 1049 2254 etqui

29 2263 135 2313 seorsim
150 2275 168 2312 a
179 2264 235 2313 vite
249 2263 384 2313 communi
401 2263 427 2312 in
444 2263 622 2315 saecularibus
638 2263 763 2316 domibus
780 2277 889 2314 manere
903 2263 1049 2326 exoptave-

30 2330 84 2389 rint,
98 2334 223 2384 canonici
239 2334 384 2384 saeculares
397 2333 498 2385 fuerint
512 2336 668 2400 nuncupati,
692 2349 759 2400 quos
773 2334 868 2386 leviter
881 2333 1007 2397 objurgat
1019 2329 1047 2382 S.

29 2400 69 2454 lvo
82 2405 111 2455 in
122 2407 203 2469 epist.
215 2404 255 2465 eo,
269 2405 333 2468 quia
343 2404 516 2468 refrigescere
531 2405 605 2470 passi
619 2408 682 2456 sunt
696 2405 863 2467 charitatem,
884 2417 945 2470 quae
959 2400 1050 2454 omnia

28 2474 79 2525 mlt
100 2477 205 2526 habere
228 2476 390 2540 communie,
405 2483 433 2527 et
455 2489 568 2541 regnare
582 2476 757 2542 cupiditatem
783 2476 981 2540 fecerintque
994 2484 1049 2523 non

30 2547 129 2610 querit,
150 2560 213 2612 quae
227 2548 277 2598 Dei
292 2550 364 2609 sunt,
378 2549 406 2598 et
420 2547 546 2614 proximi,
561 2547 609 2599 sed
636 2550 795 2606 astantum,
818 2560 881 2614 quae
903 2549 967 2598 sunl
988 2556 1050 2608 pro·

30 2617 90 2680 pria.
107 2619 225 2682 Quantae
241 2618 377 2669 felicitatis
391 2623 463 2670 esset
479 2632 527 2683 pro
542 2632 580 2679 se,
601 2632 703 2686 proque
717 2619 839 2671 Ecclesia
860 2618 913 2670 vita
932 2614 1047 2670 Canoni-

30 2699 117 2740 corum
140 2689 292 2741 communis
314 2689 368 2740 dici
387 2690 432 2740 vix
455 2693 552 2755 potest,
567 2689 674 2756 quando
687 2689 715 2740 iu
726 2690 822 2756 capita,
836 2689 893 2741 siva
906 2687 1048 2753 Episcopo,

31 2762 53 2808 et
62 2763 193 2813 membris
212 2773 296 2812 unum
309 2765 369 2812 erat
387 2761 565 2824 relectorium,
583 2763 614 2813 ct
631 2761 827 2825 dormitorium,
849 2775 906 2813 uua
922 2768 1049 2812 mensas

30 2828 319 2896 diviuabenedictione,
334 2832 426 2883 divino
439 2835 550 2884 sonante
560 2833 680 2884 Lectoris
693 2832 808 2898 eloquio,
822 2833 980 2894 exhilarata,
993 2839 1050 2880 uua

31 2913 152 2956 mensure
162 2902 217 2956 cibi
232 2908 259 2956 et
272 2909 352 2968 potus
365 2917 413 2970 pro
427 2904 596 2964 necessitato,
617 2917 671 2955 non
689 2917 738 2969 pro
760 2903 897 2970 voluptate
910 2913 1048 2964 concessa,

31 2973 171 3028 unameus'
182 2989 215 3026 ex
229 2975 349 3025 omnium
370 2975 500 3026 doctrinis
524 2975 667 3038 illustrate,
693 2973 720 3026 et
737 2988 822 3027 unum
844 2989 890 3026 cor
905 2973 940 3024 ad
958 2972 1047 3038 proie-

32 3049 96 3096 ctum
109 3047 261 3112 Religionis
275 3059 308 3096 ex
322 3046 441 3097 omnium
455 3046 509 3111 piis
534 3045 677 3098 desideriis
698 3045 900 3096 inflammatum.
915 3046 951 3096 At
965 3057 1047 3095 cauo·

33 3114 78 3165 uici
91 3117 125 3168 ad
139 3118 223 3169 vitam
237 3117 402 3182 singularem
419 3117 550 3177 conversi,
566 3121 678 3181 excepta
690 3115 743 3168 hac
759 3116 884 3167 exteriori
897 3115 960 3168 vitae
973 3128 1047 3166 com-

33 3189 113 3239 munis
127 3189 283 3254 disciplina,
303 3187 393 3241 omnia
407 3188 511 3253 proprii
524 3188 640 3240 instituti
663 3188 818 3240 essentialia
832 3188 1009 3248 retinuerunt,
1022 3188 1050 3238 ct

33 3258 140 3312 retinere
154 3260 263 3322 debent,
277 3259 318 3310 uti
329 3259 455 3310 continuo
470 3260 541 3311 sacri
555 3272 673 3312 canones
688 3259 881 3326 prescribunt.
895 3258 1048 3312 scortante-

34 3327 87 3382 uius
98 3331 133 3382 ad
147 3331 338 3397 Ceccoperium
351 3332 393 3383 tit.
408 3329 433 3394 2,
449 3344 477 3382 n.
493 3330 536 3382 ti.

63 3501 121 3558 me.
141 3500 253 3574 Regula
264 3499 478 3560 canonicorum
491 3491 632 3575 postulat,
646 3506 679 3560 ut
689 3499 745 3576 ipsi
758 3499 870 3561 nedum
880 3497 1049 3572 eommunia

35 3582 200 3648 clericorum
213 3593 342 3664 teneant,
359 3603 428 3650 cum
440 3605 478 3649 ex
488 3589 641 3650 canonicis
653 3587 729 3650 sumi
743 3589 850 3650 debeat
864 3589 1046 3665 exemplum,
