2468 4090
501 166 662 224 ...155-

109 289 170 345 157.
190 290 266 346 llum
289 285 448 362 episcopus
463 286 665 349 visitationem
682 287 799 364 peragit
821 285 922 348 omnia
944 287 982 348 de
1001 287 1100 364 plano,

78 373 137 433 sine
149 373 274 450 strepitu
288 382 319 435 et
337 375 433 450 figura
443 375 546 450 judicii
568 376 658 436 debet
673 375 846 452 praecipere,
863 394 929 452 quae
950 377 988 435 ad
1010 376 1101 436 fidem

78 463 285 535 sustinendam,
297 480 457 539 moresque
472 463 665 539 corrigendos
680 472 826 540 spectant,
839 465 980 540 quianon
993 481 1100 539 proce·

78 552 124 625 dit,
139 553 288 629 ut'judex,
303 552 356 612 sed
370 559 403 612 ut
415 561 500 629 pater
512 559 541 612 et
556 552 690 612 medicus
702 557 753 624 (2).
766 558 927 629 Propterea
939 550 960 612 'a
973 552 1101 612 decretis

77 639 277 700 inusitatione
291 641 335 700 sic
351 641 447 715 factis,
469 641 526 700 nisi
543 643 652 701 modus
671 643 834 702 excedatur
855 646 906 713 (1),
922 658 983 701 non
1012 641 1100 702 datur

77 729 228 804 appellatio
248 730 286 789 ad
305 731 443 789 effectum
458 731 677 806 suspensivum,
701 731 753 790 sed
770 737 885 790 tantum
899 731 937 789 ad
951 730 1099 790 devoluti·

77 833 150 890 vum,
166 825 199 878 ut
222 819 326 879 dicunt
351 825 504 892 Doctores,
526 819 585 879 hoc
603 825 659 894 est,
684 819 807 880 decreta
828 825 898 878 stant
914 819 1012 878 statim
1027 835 1099 878 exe·

17 945 18 948 =
79 908 197 981 quenda,
223 908 345 980 atinde,
365 907 474 983 siquis
493 925 526 968 se
545 901 647 970 credat
661 909 699 968 oh
719 907 792 984 ipsis
807 909 921 980 laesum,
946 909 1099 982 querclam

17 989 18 1016 ³
78 1002 169 1068 potest
181 997 328 1073 superiori
338 1011 518 1073 proponere,
532 1004 565 1059 ut
578 998 699 1058 decreta
713 998 910 1058 emendentur
920 999 971 1067 (1).
984 995 1013 1056 si
1026 1013 1098 1056 vero

80 1083 232 1161 Episcopus
244 1085 275 1144 in
288 1085 455 1146 visitatione
465 1087 535 1146 velit
546 1087 682 1147 ordinem
691 1085 883 1162 judiciarium
895 1085 991 1160 sequi,
1007 1101 1098 1144 causa

80 1172 212 1246 praedicto
225 1173 380 1252 privilegio
398 1191 458 1234 non
479 1175 601 1249 fruitur3
617 1175 714 1235 sedin
728 1173 863 1234 terminis
873 1173 949 1250 juris
961 1189 1096 1236 commu-

81 1259 119 1318 n's
130 1269 227 1322 manet
240 1263 425 1340 appellabitis
439 1269 490 1338 (5).

106 1391 138 1457 (l)
153 1391 239 1445 Salvae
252 1396 344 1446 tamen
357 1408 464 1460 semper
480 1407 540 1447 esse
561 1393 662 1447 dehent
686 1394 813 1460 legitimas
833 1393 1012 1457 defensiones,
1033 1409 1095 1462 quaa

81 1465 230 1528 proveniunt
244 1469 335 1531 ajuro
351 1466 476 1528 naturali,
495 1471 522 1517 et
535 1480 596 1532 quse
614 1479 631 1516 a
652 1467 761 1518 nemine
780 1466 882 1517 auferri
906 1469 1028 1530 possunt.
1044 1467 1095 1518 Fa·

81 1548 174 1598 manns
188 1537 215 1587 in
228 1551 287 1602 cap.
301 1537 417 1590 Dilectus
441 1538 475 1590 dc
492 1538 624 1602 Rescript.
639 1552 667 1589 n.
686 1539 725 1589 33.
740 1565 771 1576 -
786 1538 820 1602 (1)
835 1537 906 1588 ilinc
919 1550 1008 1602 poenae
1021 1539 1095 1590 ordi-

81 1608 153 1658 nariae
168 1609 195 1660 in
208 1611 271 1673 jure
286 1611 381 1660 contra
396 1609 495 1661 delicte
512 1610 623 1660 sancitas
638 1610 800 1674 regulariter
813 1623 866 1659 nou
881 1609 986 1660 suntin
999 1611 1094 1661 visita-

81 1677 141 1730 tione
164 1679 338 1746 infligendae:
364 1695 426 1731 nam
450 1681 586 1732 damuatio
609 1680 644 1732 ad
666 1695 774 1747 poenam
798 1680 964 1732 ordinariam
986 1694 1095 1747 sempor

81 1743 152 1814 erig'it
165 1752 295 1802 terminos
306 1751 500 1803 substantiales
511 1751 617 1817 judicii,
632 1753 679 1816 qui
693 1766 745 1803 non
759 1753 809 1802 nisi
823 1751 968 1802 difficiliter
982 1754 1096 1816 possunt
1141 1797 1144 1804 .

80 1819 262 1874 invisitatione
277 1821 427 1873 observari.
442 1823 531 1885 Quare
548 1823 721 1874 Innocentius
733 1824 772 1875 IV
794 1823 969 1888 praescripsit,
984 1827 1015 1873 ut
1029 1823 1093 1886 Epi-

81 1903 166 1958 scopus
181 1895 208 1944 in
222 1893 376 1945 visitatione
390 1896 519 1960 procedat
533 1893 628 1959 absque
644 1895 778 1946 coactione
791 1895 816 1945 ct
830 1893 966 1962 cauctiopc
976 1893 1093 1959 quolibet
1183 1901 1198 1916 ·

17 2007 19 2010 .
78 1963 251 2026 juramenti...
275 1965 312 2017 nd
335 1965 551 2018 enrmdoticuem
572 1978 621 2030 per
641 1965 760 2018 salubria
782 1964 896 2023 aaronita,
918 1977 991 2016 nunc
1014 1965 1093 2027 levio,

80 2045 141 2087 nuuc
153 2049 248 2101 aspera
258 2039 342 2104 junio
357 2037 451 2090 dotum
465 2036 517 2102 sita·
533 2050 550 2088 o
575 2033 627 2086 neo
646 2035 829 2101 prudentiam.
854 2037 919 2099 Cap.
944 2035 1094 2098 llomoucfl

80 2099 141 2158 Sanc
154 2109 187 2160 da
211 2110 314 2160 consili.
329 2109 357 2158 in
371 2109 395 2158 6.
411 2109 445 2159 nt
457 2108 483 2160 S.
500 2108 677 2172 congregatio
693 2107 798 2157 concilii
813 2120 828 2156 a
843 2107 959 2171 capitulo
977 2106 1091 2168 Segobi-

75 2179 142 2229 censi
157 2180 330 2245 interrogata,
347 2180 382 2230 ad
397 2193 459 2244 quae
480 2193 579 2244 genero
592 2191 735 2243 poenarum
750 2185 839 2242 posset
858 2190 887 2228 se
901 2175 1051 2242 Episcopus
1066 2177 1094 2227 in

80 2249 217 2302 visitatione
235 2252 400 2302 extenderet
413 2250 572 2316 Respondit,
587 2263 667 2313 possa
690 2251 827 2314 imponere
842 2259 938 2311 poenas
960 2261 1014 2298 non
1029 2249 1090 2312 qui-

80 2319 130 2372 dam
142 2322 302 2384 ordinarias,
317 2321 422 2373 sedeas
436 2325 549 2377 tantum.
567 2334 629 2385 quae
644 2333 749 2370 morum
764 2317 955 2370 correctionem
964 2324 991 2368 et
1001 2331 1093 2368 emcn-

80 2389 200 2444 dationem
215 2392 371 2456 respiciunt.
384 2393 485 2444 Eadem
507 2392 535 2442 S.
553 2391 730 2456 congregatio
741 2391 768 2440 in
781 2391 842 2440 aliis
854 2388 1037 2439 decisionibus
1051 2389 1092 2439 in-

80 2460 183 2514 sinuavit
196 2477 291 2515 causes
305 2464 457 2515 ordinarias
470 2477 530 2515 esse
545 2467 620 2513 extra
635 2461 789 2512 visitatione
801 2457 961 2523 regulariter
973 2463 1093 2508 tractan-

81 2531 128 2596 das,
140 2534 176 2585 ita
191 2540 222 2586 ut
236 2535 263 2585 in
281 2535 433 2587 visitatione
447 2548 535 2599 nequo
547 2532 686 2598 inquisitio
707 2531 843 2595 specialis,
859 2542 947 2594 nequa
961 2528 1093 2592 regularis

81 2615 211 2666 processus
224 2605 324 2657 haheat
338 2607 435 2658 locum.
450 2606 593 2670 Fagnanus
608 2605 636 2654 in
650 2617 710 2668 cap.
724 2600 791 2652 Gom
801 2599 911 2652 dilectus
925 2598 957 2650 da
968 2599 1050 2649 rescri

17 2687 18 2690 ’
81 2687 103 2724 n.
117 2676 152 2727 ll.
167 2677 245 2728 Unde
260 2677 410 2742 Episcopus
431 2677 460 2727 iu
474 2677 626 2727 visitatione
642 2687 697 2722 non
713 2672 795 2722 debet
809 2670 945 2734 inquirere
960 2670 988 2720 in
1003 2683 1016 2720 s
1037 2694 1065 2732 θ.

17 2775 19 2796 ÷
81 2757 150 2811 super
163 2749 269 2800 delictis
282 2748 413 2811 Romanis,
429 2748 485 2798 siue
500 2745 625 2804 parochi,
640 2739 688 2791 sed
702 2745 807 2792 tantum
831 2755 913 2807 super
927 2744 980 2792 stat

81 2817 122 2867 rali
133 2819 269 2870 Ecclesiae.
289 2819 459 2870 Monacellus
473 2832 500 2880 p.
515 2816 537 2872 1,
552 2820 571 2863 1.
589 2814 613 2876 5,
627 2812 646 2861 i.
662 2813 688 2875 2,
702 2827 729 2862 n.
753 2811 799 2874 573
818 2827 905 2878 neque

81 2886 122 2939 lida
134 2891 249 2954 recipere
262 2891 389 2945 cartulas,
407 2899 475 2950 quas
489 2898 563 2948 saepe
578 2883 673 2934 rustici
693 2887 786 2934 contra
800 2897 863 2933 suos
878 2885 899 2933 P

82 2963 133 3010 runt
145 2975 175 3012 ex
189 2962 250 3012 odio
264 2961 363 3024 potius,
373 2969 453 3020 quam
468 2957 509 3006 rei
519 2955 643 3016 varitate,
656 2953 872 3005 denunciando*
921 3014 927 3026 .
966 3008 971 3019 .
1021 3004 1027 3014 ,

81 3028 217 3094 Ventriglia
230 3029 346 3082 derisit.
368 3026 380 3094 l
394 3029 418 3091 l,
432 3041 460 3076 n.
474 3026 515 3076 11.
534 3053 564 3062 -
578 3025 617 3091 (3)
638 3025 783 3090 Fagnanus
799 3027 826 3075 in
924 3084 931 3096 ι

84 3100 107 3160 lli
120 3103 187 3152 Trid.
202 3103 276 3152 sess.
289 3100 324 3150 al
339 3113 361 3151 c.
379 3099 417 3160 10,
432 3097 465 3148 de
480 3097 540 3157 rel.;
556 3101 583 3148 et
601 3095 761 3149 Benedictus

83 3172 160 3232 tontis,
174 3174 201 3222 iu
211 3185 265 3236 qua
274 3171 422 3234 catalogum
435 3169 539 3232 praebet
553 3181 696 3219 causarum
713 3168 747 3216 ad
796 3205 800 3210 .

83 3244 273 3305 appellationem
287 3255 340 3292 non
349 3240 597 3291 admittentium-
610 3239 645 3303 (5)
652 3238 744 3289 Ventr'
775 3225 791 3261 a

82 3310 134 3363 herc
150 3315 245 3375 locum,
259 3325 321 3364 cum
337 3313 427 3376 gravis
448 3315 489 3361 est
502 3316 560 3360 orta
583 3313 675 3360 contra
696 3309 719 3358 v'

83 3381 167 3448 laium,
180 3386 222 3437 vel
236 3386 313 3436 adest
327 3381 517 3449 praejudicium
531 3381 614 3433 tertii.
628 3381 668 3431 Do
677 3346 768 3462 aspi

111 3549 163 3604 158.
181 3545 297 3618 Quinto,
316 3547 445 3615 tcnctnr,
466 3541 613 3616 corrrpleta
623 3483 795 3673 filicae,
809 3493 958 3576 synodum
971 3485 1082 3544 dioece-

590 3683 619 3749 sl
