2468 4090
443 201 600 272 ..t-143..

18 355 60 414 pos
72 338 108 398 ad
125 335 292 398 concilium
306 335 495 396 provinciale
509 335 640 411 quolibet
653 336 756 397 saltem
775 337 902 398 triennio
919 340 1031 400 haben-

17 427 72 486 dum
95 443 220 498 vocare,
246 425 285 484 ad
309 424 390 500 quod
418 425 564 484 accedere
594 441 713 500 quoque
739 426 850 486 debent
875 427 1033 488 viciniores

17 515 131 592 episcopi
141 514 217 574 nulli
223 512 449 588 archiepiscopo
459 512 633 588 subjecti,ut
643 529 709 588 quae
716 512 747 572 in
757 514 884 574 concilio
898 516 1034 576 ordinata

19 611 72 663 sunt
84 605 258 674 observent,
273 607 304 662 et
317 601 473 660 observari
487 600 658 674 iaciant(1).
675 606 706 660 2⁰
719 606 819 661 Potest
830 619 868 662 ex
880 605 949 678 jure
960 622 1032 664 suo-

18 709 70 750 rum
85 693 347 767 suffraganeorum
362 683 510 749 dioeceses
523 688 653 763 visitare,
669 697 829 767 postquam
845 709 931 752 suam
946 696 1034 769 plene

19 779 172 840 lustraverit
196 778 361 852 dioecesim,
388 786 418 837 et
443 794 533 837 causa
557 777 731 838 visitationis
753 778 878 838 fuerita
907 783 1034 842 concilio

23 867 184 928 Provinciali
200 867 330 943 cognita,
343 874 372 925 et
387 866 513 942 probata
527 869 577 940 (E).
593 871 628 926 Et
641 883 711 926 cunr
723 867 925 929 visitationem
936 871 1036 930 absol-

24 956 63 1029 vit,
83 957 111 1015 in
136 957 399 1032 suffragancorum
423 953 603 1015 dioecesibus
628 959 754 1016 Crucem
779 962 848 1016 ante
878 974 912 1017 se
940 960 1036 1019 defert

25 1041 147 1118 tractam,
163 1043 407 1104 benedictionem
420 1041 598 1119 impertitur,
619 1036 801 1119 pontificalia
816 1046 896 1119 facit,
919 1047 1035 1123 aliaque

22 1134 88 1206 plura
101 1133 274 1208 exequitur,
285 1147 352 1207 quae
365 1129 463 1207 ipsam
474 1131 672 1192 visitationem
685 1133 850 1209 respiciunt
866 1137 916 1207 (3).
933 1140 965 1195 3⁰
979 1140 1036 1195 Po·

26 1229 67 1281 test
78 1218 293 1300 appellationes
305 1236 323 1278 a
338 1221 596 1295 suffraganeorum
610 1237 733 1280 suorum
751 1222 905 1283 sententiis
918 1225 1035 1299 regula-

26 1309 80 1369 riter
96 1309 244 1385 recipere,
269 1307 360 1368 immo
380 1314 410 1368 ct
433 1310 591 1384 querelas,
615 1315 645 1369 et
668 1310 699 1368 in
723 1309 856 1370 vicarios
878 1315 1036 1374 Generalos

27 1414 110 1458 corum
134 1397 385 1470 animadvertere,
412 1395 436 1455 si
461 1399 530 1471 jura
552 1397 772 1474 metropolitica
795 1401 913 1473 laedant,
935 1403 982 1462 vel
1005 1402 1035 1462 in

25 1486 103 1545 officio
116 1486 297 1562 delinquant
309 1488 361 1557 (t),
380 1486 462 1560 quod
475 1486 613 1562 procedit
628 1486 717 1548 ctiam
732 1486 761 1546 in
777 1487 874 1563 prima
887 1488 1036 1566 instantia,

28 1581 51 1632 ut
60 1579 84 1634 S.
103 1573 306 1651 congregatio
320 1572 453 1632 definivit
466 1576 516 1644 (ὅ).
539 1573 657 1634 Idcirco
673 1592 734 1634 non
747 1582 865 1636 vetatur
879 1593 932 1636 sua
946 1578 1036 1640 e'dere

26 1664 145 1724 nmdata
160 1664 192 1724 in
208 1661 416 1739 appellationis
431 1679 522 1722 causa
535 1663 566 1721 in
585 1664 842 1740 suffraganeorum
857 1665 1038 1728 dioecesibus

27 1753 195 1828 exequenda.
221 1757 316 1811 lmmo
334 1768 433 1827 neque
452 1758 609 1827 suspectus
622 1769 692 1811 cunr
705 1753 814 1812 effectu
828 1771 845 1812 a
859 1771 915 1813 suo
930 1757 1036 1823 suffra-

27 1855 103 1913 ganeo
118 1839 296 1903 denunciari
309 1846 409 1916 potest
428 1843 479 1913 (6).
499 1845 646 1900 brevest
663 1857 735 1900 snos
756 1843 972 1919 suffraganeos,
988 1847 1039 1921 qui

26 1926 47 1985 in
58 1932 174 2013 propria¹
184 1929 314 1991 Ecclesia
325 1928 517 1990 residentiam
529 1928 693 2004 negligunt,
702 1929 739 1988 ad
752 1929 942 1991 residendum
954 1950 1036 1994 com-

28 2019 168 2095 pclare,et
184 2018 210 2080 si
226 2037 285 2096 qua
299 2020 378 2096 justa
397 2016 435 2078 sit
455 2016 596 2078 absentiae
607 2035 707 2091 eausa,
722 2035 789 2078 eam
800 2018 888 2079 debet
908 2023 1037 2097 probare

29 2107 66 2178 (l).
78 2113 104 2167 5⁰
114 2114 217 2170 Potest
226 2106 370 2168 vicarium
380 2106 578 2182 capitularem
590 2105 622 2165 in
636 2106 708 2166 sede
720 2108 899 2182 suffraganei
912 2120 1038 2190 vacante

31 2197 201 2272 constituere,
219 2196 244 2256 si
260 2196 338 2256 intra
351 2201 422 2256 octo
436 2195 500 2256 dies
515 2202 586 2272 post
601 2195 714 2255 obitum
727 2195 865 2282 Episcopi
877 2215 893 2256 a
906 2199 1039 2274 capitulo

31 2282 136 2347 uiduata
148 2286 235 2349 sedis
250 2287 298 2345 vel
312 2285 462 2357 male,ch
480 2285 561 2343 nullo
576 2283 666 2344 modo
681 2285 806 2358 eligatur
820 2288 871 2356 (8).
892 2290 921 2344 6ο
937 2291 1039 2348 Potest

28 2369 78 2444 jure
90 2373 291 2437 devolutionis
304 2372 451 2434 beneficia
465 2374 611 2445 conferre,
627 2389 694 2449 quae
713 2373 812 2432 debito
834 2380 969 2450 tempore
982 2393 1039 2452 per

30 2461 191 2543 Episcopum
217 2465 325 2524 collata
349 2479 410 2523 non
433 2461 542 2522 luerint
565 2464 616 2533 (9).
637 2467 667 2520 7⁰
687 2466 786 2521 Potest
808 2479 985 2524 oeconomos
1005 2465 1037 2526 in

31 2551 149 2614 Ecclesiis
170 2551 343 2630 pastoribus
365 2550 515 2610 destitutis
536 2549 727 2625 constituere,
749 2551 775 2610 si
796 2551 961 2628 Episcopus
977 2554 1037 2616 hoc

30 2649 185 2703 concuret
212 2656 357 2718 peragere
373 2643 443 2713 (10).
469 2644 499 2699 8⁰
521 2644 645 2699 bemunu
665 2645 763 2715 potest
795 2641 974 2718 quandoque
1001 2662 1037 2704 ea

30 2725 116 2806 lacere,
140 2747 210 2808 quae
228 2748 247 2790 a
268 2727 463 2804 suffraganeis
484 2744 539 2787 suo
562 2733 698 2803 tempore
716 2745 778 2788 non
796 2729 882 2804 fiunt,
895 2738 929 2790 ut
942 2731 1037 2793 insius

30 2818 126 2880 tradunt
137 2825 284 2881 Doctores
296 2821 365 2892 (ll).

54 2910 112 2969 lure
125 2908 251 2984 antiquo
270 2907 348 2967 inter
367 2905 425 2966 alia
444 2910 562 2981 poterat
576 2903 823 2981 archiepiscopus
840 2907 989 2983 praecipue
1003 2909 1034 2967 in

31 2996 133 3058 condlic
144 2995 324 3058 Provinciali
339 2993 497 3069 interdicti,
515 2992 730 3070 suspensionis,
744 3000 774 3053 ct
788 2995 1032 3056 excommunica-

32 3079 98 3144 tionis
110 3085 288 3148 sentcntianu
300 3086 380 3160 justa
393 3084 431 3144 de
452 3100 543 3143 causa
563 3081 594 3142 in
613 3099 701 3142 suum
720 3084 941 3160 suffraganeum
960 3103 1032 3162 pro-

31 3168 96 3233 ferre.
112 3182 145 3236 lt
169 3175 335 3250 majuscula
349 3174 414 3232 haec
429 3172 555 3232 facultas
574 3170 629 3230 luit
642 3171 879 3249 archiepiscopis
893 3175 1032 3249 adempta

32 3273 70 3331 par
88 3263 240 3325 decretum
263 3261 423 3322 Tridentini
444 3266 514 3334 (lt),
536 3259 641 3337 inquo
661 3261 816 3320 definitum
839 3261 903 3335 luit,
926 3279 1032 3322 causas

34 3348 220 3430 cpiscoporum
234 3350 404 3411 criminales
417 3349 556 3424 majores,
573 3366 640 3426 quae
653 3348 849 3425 depositione,
868 3357 919 3411 aut
932 3350 1031 3427 priva·

33 3433 92 3500 lione
104 3443 201 3519 dignae
214 3447 294 3512 sunt,
308 3458 326 3500 a
340 3441 404 3499 solo
419 3454 536 3498 summo
554 3437 715 3512 Pontifice3
731 3439 946 3514 minoresvero
960 3458 1032 3501 cau·

34 3539 68 3584 sas
78 3530 241 3592 criminales
255 3529 285 3589 in
300 3527 426 3589 concilio
438 3534 555 3587 tantum
568 3525 755 3602 Prouinciali,
770 3529 817 3588 vel
827 3529 1032 3609 adeputandis

33 3619 176 3696 peripsum
191 3617 281 3680 etiam
295 3618 326 3678 in
339 3618 436 3696 prima
448 3617 587 3678 instantia
600 3633 689 3694 posse
703 3617 855 3694 cognosci,
879 3625 909 3680 et
930 3619 1030 3682 termi-
