2490 4088
599 202 635 214 -
652 173 687 230 gg
709 202 742 220 ..

165 299 214 358 cet,
226 297 267 350 uti
284 295 428 362 aliquando
445 295 650 361 interpretatur,
672 298 741 348 teste
763 295 885 348 Barboss
899 295 934 347 de
953 295 1071 348 Diction.
1085 309 1115 350 n.
1138 296 1194 348 ut

164 369 282 420 Aliunde
295 369 355 419 baec
367 367 554 434 interpretatio
566 367 673 419 videtur
686 367 857 419 necessaria:
869 367 1086 422 namconcilium
1095 367 1138 418 ibi
1150 367 1196 418 dat
1240 385 1241 430 J

128 439 130 442 ’
163 453 261 491 novam
274 438 484 504 dispositionem,
499 441 529 488 ut
543 440 686 504 puniretur
703 439 805 490 crimen
817 438 968 500 occultum;
984 438 1098 504 ideoque
1119 442 1241 490 recte

164 509 239 570 dicit,
249 525 282 562 ex
291 522 460 590 quacumque
470 521 552 560 causa
564 509 645 560 etiarn
656 510 690 558 ob
700 510 802 560 crimen
815 509 962 569 occultum,
971 509 1075 560 scilicet
1078 523 1194 575 ,-quam

164 593 245 645 quem
259 581 385 632 delictum
403 579 438 630 sit
452 579 593 631 occultum.
606 579 729 631 Deinde
722 594 750 630 tn
765 591 846 630 causo
860 579 1022 630 Lucionensi
1033 579 1117 630 citata
1127 593 1193 646 age·

162 652 243 703 batur
257 652 291 703 de
309 651 481 716 inquisitione
504 655 617 713 secreta,
636 663 698 715 quas
720 651 829 716 publice
842 649 953 715 probari
966 664 1020 702 non
1036 653 1145 716 potarat
1240 699 1241 702 ,

164 723 271 774 testium
286 723 483 774 recusationem
496 722 606 786 publice
620 721 772 786 deponendi
786 722 824 773 rei
837 722 959 785 crimina,
971 727 997 772 et
1010 721 1075 772 data
1088 721 1168 774 decis

163 793 225 846 aliis
238 793 457 860 praecedentibus
477 792 599 858 ejusdem
620 793 647 844 S.
666 792 886 858 Congregationis
904 793 943 843 nil
966 792 1028 844 novi
1041 791 1130 856 addit,
1146 807 1193 845 ne·
1240 791 1241 866 J

163 879 216 931 que
229 867 262 916 de
277 864 389 916 crimine
403 863 512 928 publico
529 862 632 926 aliquid
645 863 736 914 habet.
752 863 972 916 Concludendum
988 863 1073 927 igitur
1086 865 1116 914 in
1137 865 1193 916 cri·

162 937 235 988 mine
251 936 359 1002 publico
378 949 411 986 ex
430 934 524 1000 regula
536 934 671 986 communi
691 948 745 985 non
765 948 846 1002 posse
863 935 967 986 admitti
981 947 1146 1016 processum
1159 949 1193 986 ex
1240 943 1241 1000 J

162 1007 305 1059 informate
318 1005 489 1058 conscientia.
503 1005 627 1056 Diximus
640 1018 672 1057 cn
684 1005 777 1070 reputa
784 1006 938 1072 communi,·
947 1019 1011 1056 nam
1022 1005 1047 1056 si
1058 1005 1193 1058 delictum

162 1078 301 1144 publicum
323 1076 399 1128 nulla
412 1081 505 1142 posset
521 1077 623 1128 ratione
634 1076 752 1150 juridice
767 1078 887 1142 probari,
904 1082 936 1129 ιιι
950 1080 1017 1143 puta
1032 1077 1067 1128 ob
1080 1079 1191 1130 violen-

161 1149 227 1200 tiam
248 1148 347 1213 plebis,
369 1148 411 1199 vel
432 1147 572 1228 perfidiam
595 1135 821 1207 Gubemeterum,
838 1149 883 1199 vel
904 1149 1053 1214 potentiam
1076 1149 1130 1212 rei,
1147 1149 1241 1200 vel

160 1219 350 1271 verecundiam
364 1221 483 1281 testium,
500 1218 577 1270 utin
590 1218 661 1269 dicta
675 1231 758 1270 causa
775 1219 947 1284 bodanensi,
961 1225 1008 1270 aut
1022 1220 1056 1271 ob
1071 1221 1189 1272 scanda-
1240 1247 1241 1286 J

160 1291 215 1342 lum
230 1291 339 1356 probari
355 1303 409 1340 non
423 1289 539 1350 deceret,
554 1293 601 1340 aut
613 1288 711 1340 delicte
725 1291 829 1342 occulta
843 1293 933 1342 essent
952 1291 1036 1342 mixta
1055 1291 1187 1356 publicis,
1240 1289 1241 1342 Ῐ

160 1362 289 1426 praelatus
302 1363 393 1426 posset
412 1361 462 1411 bac
483 1361 569 1411 torma
584 1360 656 1411 licite
678 1361 727 1419 uti,
742 1363 807 1426 quia
821 1361 892 1412 idem
906 1375 966 1413 esse
979 1362 1096 1424 videtur,
1114 1363 1189 1414 deli-

160 1435 232 1483 ctum
245 1445 306 1484 esse
318 1432 461 1494 occultum,
475 1433 519 1482 vel
532 1431 643 1496 probari
657 1445 711 1482 non
724 1445 812 1495 posse.
825 1433 857 1483 In
878 1433 921 1484 his
935 1433 1045 1484 casibus
1058 1434 1187 1486 Ecclesia
1240 1489 1241 1492 ,

159 1503 187 1553 in
201 1501 354 1554 suamoreli
365 1502 509 1567 discipline
519 1515 657 1566 aggressa,
670 1516 732 1554 cum
744 1517 804 1554 eom
816 1517 871 1555 non
879 1504 984 1556 valeat
974 1517 1037 1569 Jure
1048 1506 1188 1556 communi
1240 1539 1241 1568 3

159 1566 250 1637 ιιιιιι,
263 1573 381 1625 remedio
394 1574 480 1624 utitur
492 1573 624 1624 naturalis
638 1572 830 1635 defensionis,
823 1587 851 1624 tn
867 1589 919 1640 qua
934 1574 1007 1639 leges
1027 1588 1188 1628 communes

159 1646 239 1696 silere
256 1644 365 1708 debent,
380 1648 406 1694 et
419 1643 483 1695 huic
493 1646 567 1708 justo
581 1643 713 1708 principio
733 1643 811 1695 inniti
827 1645 910 1696 etiam
928 1649 1057 1711 putamus
1080 1660 1185 1698 novam
1240 1649 1241 1692 t

157 1717 267 1768 citatam
282 1715 433 1766 Tridentini
446 1715 660 1780 dispositionem.
685 1743 712 1752 -
727 1716 762 1780 (l)
776 1717 843 1768 (lum
861 1716 912 1768 hou
930 1717 1048 1768 medium
1068 1717 1188 1769 crimina

158 1787 288 1852 puniendi
303 1787 337 1836 sit
350 1786 601 1849 extraordinarium,
612 1785 735 1838 adhiberi
749 1800 803 1838 non
816 1788 907 1850 debet,
922 1787 1029 1852 quando
1041 1789 1186 1841 commode
1240 1799 1241 1806 ’

158 1858 298 1910 observari
314 1860 403 1922 potest
422 1871 566 1924 processus
584 1856 738 1909 ordinarius
754 1872 804 1923 per
818 1859 1032 1924 inquisitionem,
1047 1861 1075 1910 et
1093 1858 1187 1925 legiti·
1240 1877 1241 1924 j

156 1943 229 1998 mam
241 1929 410 1992 sententiam,
427 1929 497 1980 sicut
518 1929 696 1980 communiter
708 1930 817 1980 tradunt
831 1931 971 1993 Doctores
988 1930 1139 1994 suspensio
1153 1946 1187 1982 ex
1240 1939 1241 1964 i

157 1999 299 2051 informata
312 2001 477 2052 conscientia
496 1999 599 2050 inflicta
615 2004 705 2064 potest
726 2013 786 2052 esse
807 2001 963 2066 temporalis
977 2000 1012 2051 ad
1024 2001 1184 2067 beneplaci-

141 2074 212 2122 ¹turn
226 2071 309 2132 illius,
322 2071 369 2136 qui
382 2084 442 2122 eam
457 2069 564 2133 intulit;
580 2084 633 2135 quo
655 2085 719 2122 casu
736 2071 819 2137 hujus
838 2077 923 2124 morte
940 2076 1038 2135 cesset,
1054 2073 1120 2137 quia
1134 2088 1186 2140 per
1240 2107 1241 2126 t

155 2145 269 2200 mortem
282 2155 360 2193 omne
373 2145 460 2194 cessat
473 2141 617 2193 arbitrium
627 2146 654 2193 et
664 2143 878 2208 beneplacitum
891 2148 918 2195 et
930 2148 1018 2208 potest
1030 2157 1090 2196 esse
1099 2145 1185 2195 etiam
1240 2159 1241 2210 t

156 2212 305 2275 indefinita,
313 2227 418 2278 nempe,
428 2227 478 2279 per
489 2213 597 2264 modum
608 2227 738 2270 censurae.
749 2227 837 2280 usque
848 2214 881 2265 ad
895 2214 1122 2279 resipiscentiam
1135 2215 1184 2266 sed

155 2297 209 2336 non
223 2288 312 2349 potest
324 2282 426 2336 bebere
437 2285 492 2335 vim
508 2284 673 2348 privationis,
694 2291 741 2334 aut
755 2284 931 2350 depositienis
951 2299 967 2335 e
987 2285 1119 2336 beneficio
1135 2305 1142 2344 ;
1157 2289 1183 2337 et
1240 2287 1241 2350 ζ

155 2355 215 2406 ideo
236 2355 273 2406 ita
286 2356 410 2419 suspensi
423 2355 585 2406 beneficium
606 2369 754 2421 numquam
768 2355 798 2406 iit
811 2369 920 2418 vacans,
935 2369 983 2406 nec
997 2361 1086 2420 potest
1099 2357 1183 2408 alteri
1240 2365 1241 2424 i

155 2426 281 2477 conferri.
292 2426 482 2490 irregularitas
491 2429 582 2476 tamen
592 2427 737 2477 incurritur
749 2440 765 2477 a
775 2428 838 2478 talis
849 2428 1033 2492 suspensionis
1044 2428 1182 2479 violatori·
1240 2437 1241 2470 ὲ

154 2498 216 2548 bus.
229 2525 260 2533 -
273 2497 308 2561 (5)
319 2499 520 2562 consequenter
529 2497 671 2564 episcopus
682 2501 758 2548 caute
768 2503 795 2549 et
804 2499 952 2563 prudenter
962 2498 1042 2550 debet
1052 2500 1081 2548 in
1091 2500 1182 2563 poenis
1240 2537 1241 2562 ,

156 2568 308 2632 infligendis
317 2572 344 2618 et
360 2569 502 2620 informata
519 2569 683 2620 conscientia
695 2569 848 2634 procedere,
860 2576 887 2620 et
897 2570 1006 2634 quidem
1016 2571 1181 2634 regulariter
1240 2565 1241 2594 v

155 2653 203 2704 per
217 2653 256 2701 se,
270 2653 324 2690 non
342 2653 391 2705 per
413 2639 544 2689 vicarium
566 2653 645 2690 suum
665 2641 746 2691 etiam
761 2641 930 2702 Generslem,
945 2647 975 2691 ut
991 2641 1069 2692 docet
1082 2641 1179 2693 Mena·
1240 2643 1241 2688 3

155 2709 249 2761 celius.
264 2711 326 2776 Ipse
340 2711 412 2760 enim
428 2709 576 2774 Episcopus
593 2711 621 2760 in
636 2725 700 2762 casu
721 2713 839 2776 querele
856 2711 884 2762 S.
900 2711 963 2762 Sedi
984 2717 1115 2777 porrectae
1131 2713 1178 2764 de·
1240 2717 1241 2760 l

153 2781 200 2832 bet
214 2782 360 2846 requisitus
376 2781 410 2832 ed
425 2795 560 2831 summum
574 2782 730 2833 Pontificem
743 2785 925 2834 transmittere
940 2789 1009 2845 acta,
1026 2788 1052 2833 et
1066 2797 1179 2834 causam

155 2851 183 2901 in
197 2865 246 2902 sua
262 2852 376 2916 epistola
400 2852 548 2915 declarare,
563 2852 596 2903 ob
619 2853 785 2916 quambene
804 2853 1008 2918 suspensionem
1030 2855 1131 2904 intulit.
1148 2855 1178 2904 Si

154 2923 226 2973 enim
237 2924 386 2986 Episcopus
400 2922 451 2972 hoc
469 2923 606 2986 negotium
619 2937 672 2974 non
689 2932 760 2975 recte
780 2925 931 2989 perfecerit,
945 2924 1087 2990 exponitur
1101 2925 1177 2989 peri·
1240 2931 1241 2978 ζ

152 2995 213 3044 culo
227 2993 334 3044 videndi
349 2999 376 3044 et
387 2993 509 3058 patiendi
526 2999 647 3045 actorum
662 3009 772 3047 suorum
786 2997 991 3048 revocationem.
1007 2996 1100 3062 Nuper
1115 2997 1177 3061 qui·
1240 3037 1241 3062 ,

153 3065 213 3116 dem
229 3065 256 3114 S.
272 3065 448 3127 congregatio
463 3064 575 3115 Concilii
589 3065 746 3129 declaravit,
761 3068 904 3132 quamdam
919 3068 1128 3131 suspensionem
1138 3068 1177 3118 ita
1240 3065 1241 3068 ’

150 3135 185 3185 ab
200 3137 325 3200 episcopo
340 3135 467 3185 inflictam
481 3136 565 3187 luisse
579 3142 605 3187 et
618 3150 678 3188 esse
692 3137 847 3202 invalidam,
858 3143 884 3189 et
895 3138 959 3203 quia
972 3137 1012 3189 sic
1024 3151 1176 3202 suspensus

150 3205 238 3256 officia
258 3207 301 3257 sui
323 3205 424 3257 ordinis
439 3213 605 3270 exercuerat,
619 3222 651 3259 ac
673 3208 872 3273 irregularitate
886 3223 1045 3273 pernoram
1064 3215 1175 3260 senten·
1240 3217 1241 3268 t

150 3277 215 3327 tiam
229 3277 317 3328 iuerat
331 3281 448 3340 notatus,
463 3276 596 3342 adjunxit,
615 3279 718 3330 nullam
733 3293 793 3332 esse
808 3281 890 3332 telem
907 3281 1078 3362 sententiam,
1093 3281 1143 3332 et'
1136 3295 1173 3332 ιι-
1240 3271 1241 3332 l

148 3347 349 3412 regularitatem
363 3361 417 3400 non
438 3348 522 3400 luisse
537 3352 708 3416 contractam,
731 3352 795 3416 quia
817 3351 924 3418 qnando
946 3352 1088 3418 suspensio
1109 3351 1172 3403 nul·
1240 3335 1241 3430 l

149 3416 212 3469 liter
226 3419 281 3469 lata
295 3420 354 3479 luit,
374 3419 560 3483 irregularitas
581 3435 635 3472 non
650 3423 825 3474 contrahitur.
839 3422 980 3474 Eademb'.
995 3423 1172 3487 Congregatio

148 3488 219 3539 hanc
242 3490 349 3540 rasolnt
331 3495 431 3541 tionem
453 3491 552 3542 editam
576 3492 620 3544 die
641 3493 672 3544 ιιι
691 3494 832 3544 Februarii
850 3494 907 3544 1853
934 3493 1101 3546 confirmavit
1127 3495 1172 3547 die

148 3560 179 3613 td
200 3560 265 3613 maii
289 3561 411 3626 ejusdem
437 3562 509 3614 anni.
524 3563 604 3616 Anat.
620 3563 679 3617 tur.
696 3565 774 3618 Pont.
788 3564 823 3618 ad
844 3579 948 3620 annum,
966 3565 1036 3631 1854,
1056 3579 1084 3632 p.
1100 3565 1171 3628 1187,
