<?xml version="1.0" encoding="UTF-8"?>
<!DOCTYPE html PUBLIC "-//W3C//DTD XHTML 1.0 Transitional//EN"
    "http://www.w3.org/TR/xhtml1/DTD/xhtml1-transitional.dtd">
<html xmlns="http://www.w3.org/1999/xhtml" xml:lang="en" lang="en">
 <head>
  <title>
</title>
<meta http-equiv="Content-Type" content="text/html;charset=utf-8" />
  <meta name='ocr-system' content='tesseract 3.04.00' />
  <meta name='ocr-capabilities' content='ocr_page ocr_carea ocr_par ocr_line ocrx_word'/>
</head>
<body>
  <div class='ocr_page' id='page_1' title='image "./summainstitutio00ferrgoog_0112.png"; bbox 0 0 2490 4088; ppageno 0'>
   <div class='ocr_carea' id='block_1_1' title="bbox 539 131 679 186">
    <p class='ocr_par' dir='ltr' id='par_1_1' title="bbox 539 131 679 186">
     <span class='ocr_line' id='line_1_1' title="bbox 539 131 679 186; baseline 0 -16"><span class='ocrx_word' id='word_1_1' title='bbox 539 131 679 186; x_wconf 74' lang='lat'><strong>..47-</strong></span> 
     </span>
    </p>
   </div>
   <div class='ocr_carea' id='block_1_2' title="bbox 22 249 1131 2670">
    <p class='ocr_par' dir='ltr' id='par_1_2' title="bbox 22 249 1131 2670">
     <span class='ocr_line' id='line_1_2' title="bbox 116 249 1125 316; baseline 0.006 -14"><span class='ocrx_word' id='word_1_2' title='bbox 116 251 149 316; x_wconf 90' lang='lat' dir='ltr'><strong>(l)</strong></span> <span class='ocrx_word' id='word_1_3' title='bbox 167 252 201 302; x_wconf 84' lang='lat' dir='ltr'><strong>L.</strong></span> <span class='ocrx_word' id='word_1_4' title='bbox 221 253 267 304; x_wconf 68' lang='lat'><strong>102</strong></span> <span class='ocrx_word' id='word_1_5' title='bbox 282 251 310 303; x_wconf 83' lang='lat' dir='ltr'><strong>ff.</strong></span> <span class='ocrx_word' id='word_1_6' title='bbox 325 251 358 303; x_wconf 89' lang='lat' dir='ltr'><strong>de</strong></span> <span class='ocrx_word' id='word_1_7' title='bbox 373 249 449 302; x_wconf 91' lang='lat' dir='ltr'><strong>verb.</strong></span> <span class='ocrx_word' id='word_1_8' title='bbox 461 249 552 314; x_wconf 82' lang='lat' dir='ltr'><strong>signif.</strong></span> <span class='ocrx_word' id='word_1_9' title='bbox 566 278 597 288; x_wconf 91' lang='lat'><em>-</em></span> <span class='ocrx_word' id='word_1_10' title='bbox 609 251 645 316; x_wconf 72' lang='lat' dir='ltr'><strong>(i)</strong></span> <span class='ocrx_word' id='word_1_11' title='bbox 656 251 783 304; x_wconf 84' lang='lat' dir='ltr'><strong>Summus</strong></span> <span class='ocrx_word' id='word_1_12' title='bbox 799 250 923 304; x_wconf 82' lang='lat' dir='ltr'><strong>Pontifex</strong></span> <span class='ocrx_word' id='word_1_13' title='bbox 932 251 984 304; x_wconf 90' lang='lat' dir='ltr'><strong>hac</strong></span> <span class='ocrx_word' id='word_1_14' title='bbox 997 253 1125 308; x_wconf 78' lang='lat' dir='ltr'><strong>facultate</strong></span> 
     </span>
     <span class='ocr_line' id='line_1_3' title="bbox 88 323 1122 391; baseline 0.003 -17"><span class='ocrx_word' id='word_1_15' title='bbox 88 323 183 382; x_wconf 81' lang='lat' dir='ltr'><strong>utitur,</strong></span> <span class='ocrx_word' id='word_1_16' title='bbox 201 324 313 391; x_wconf 88' lang='lat' dir='ltr'><strong>quoties</strong></span> <span class='ocrx_word' id='word_1_17' title='bbox 325 335 438 386; x_wconf 81' lang='lat' dir='ltr'><strong>necesse</strong></span> <span class='ocrx_word' id='word_1_18' title='bbox 457 325 508 384; x_wconf 87' lang='lat' dir='ltr'><strong>est,</strong></span> <span class='ocrx_word' id='word_1_19' title='bbox 524 327 617 374; x_wconf 88' lang='lat' dir='ltr'><strong>contra</strong></span> <span class='ocrx_word' id='word_1_20' title='bbox 632 323 824 387; x_wconf 87' lang='lat' dir='ltr'><strong>ecclesiastica,</strong></span> <span class='ocrx_word' id='word_1_21' title='bbox 839 325 866 374; x_wconf 89' lang='lat' dir='ltr'><strong>et</strong></span> <span class='ocrx_word' id='word_1_22' title='bbox 880 323 961 375; x_wconf 89' lang='lat' dir='ltr'><strong>etiam</strong></span> <span class='ocrx_word' id='word_1_23' title='bbox 975 323 1065 377; x_wconf 86' lang='lat' dir='ltr'><strong>civilia</strong></span> <span class='ocrx_word' id='word_1_24' title='bbox 1080 339 1122 377; x_wconf 92' lang='lat' dir='ltr'><strong>or·</strong></span> 
     </span>
     <span class='ocr_line' id='line_1_4' title="bbox 87 393 1125 462; baseline 0.003 -16"><span class='ocrx_word' id='word_1_25' title='bbox 87 395 262 460; x_wconf 69' lang='lat' dir='ltr'><strong>dinamenta5</strong></span> <span class='ocrx_word' id='word_1_26' title='bbox 277 409 339 462; x_wconf 80' lang='lat' dir='ltr'><strong>quae</strong></span> <span class='ocrx_word' id='word_1_27' title='bbox 360 393 484 446; x_wconf 81' lang='lat' dir='ltr'><strong>acclesiae</strong></span> <span class='ocrx_word' id='word_1_28' title='bbox 506 393 656 445; x_wconf 82' lang='lat' dir='ltr'><strong>doctrinam</strong></span> <span class='ocrx_word' id='word_1_29' title='bbox 679 395 798 445; x_wconf 89' lang='lat' dir='ltr'><strong>evertere</strong></span> <span class='ocrx_word' id='word_1_30' title='bbox 820 398 959 446; x_wconf 89' lang='lat' dir='ltr'><strong>conantur.</strong></span> <span class='ocrx_word' id='word_1_31' title='bbox 985 395 1029 448; x_wconf 82' lang='lat' dir='ltr'><strong>Sic</strong></span> <span class='ocrx_word' id='word_1_32' title='bbox 1053 397 1125 448; x_wconf 90' lang='lat' dir='ltr'><strong>inter</strong></span> 
     </span>
     <span class='ocr_line' id='line_1_5' title="bbox 88 463 1123 533; baseline 0.002 -16"><span class='ocrx_word' id='word_1_33' title='bbox 88 467 142 518; x_wconf 88' lang='lat' dir='ltr'><strong>alia</strong></span> <span class='ocrx_word' id='word_1_34' title='bbox 156 467 251 526; x_wconf 88' lang='lat' dir='ltr'><strong>multa</strong></span> <span class='ocrx_word' id='word_1_35' title='bbox 276 465 400 533; x_wconf 84' lang='lat' dir='ltr'><strong>exempla</strong></span> <span class='ocrx_word' id='word_1_36' title='bbox 422 463 577 518; x_wconf 80' lang='lat' dir='ltr'>Alexander</span> <span class='ocrx_word' id='word_1_37' title='bbox 590 465 658 517; x_wconf 90' lang='lat' dir='ltr'><strong>Vlll</strong></span> <span class='ocrx_word' id='word_1_38' title='bbox 682 469 743 532; x_wconf 90' lang='lat' dir='ltr'><strong>post</strong></span> <span class='ocrx_word' id='word_1_39' title='bbox 760 465 947 516; x_wconf 90' lang='lat' dir='ltr'><strong>Innocentium</strong></span> <span class='ocrx_word' id='word_1_40' title='bbox 968 465 1009 516; x_wconf 91' lang='lat' dir='ltr'><strong>XI</strong></span> <span class='ocrx_word' id='word_1_41' title='bbox 1032 467 1123 519; x_wconf 92' lang='lat' dir='ltr'><strong>decla·</strong></span> 
     </span>
     <span class='ocr_line' id='line_1_6' title="bbox 87 535 1126 604; baseline 0.004 -15"><span class='ocrx_word' id='word_1_42' title='bbox 87 539 158 590; x_wconf 83' lang='lat' dir='ltr'><strong>ravit</strong></span> <span class='ocrx_word' id='word_1_43' title='bbox 170 539 263 599; x_wconf 83' lang='lat' dir='ltr'><strong>nulla,</strong></span> <span class='ocrx_word' id='word_1_44' title='bbox 278 540 305 590; x_wconf 87' lang='lat' dir='ltr'><strong>et</strong></span> <span class='ocrx_word' id='word_1_45' title='bbox 314 538 392 588; x_wconf 86' lang='lat' dir='ltr'><strong>irrita</strong></span> <span class='ocrx_word' id='word_1_46' title='bbox 405 541 465 588; x_wconf 88' lang='lat' dir='ltr'><strong>acta</strong></span> <span class='ocrx_word' id='word_1_47' title='bbox 478 541 623 592; x_wconf 80' lang='lat' dir='ltr'><strong>conventus</strong></span> <span class='ocrx_word' id='word_1_48' title='bbox 637 536 770 588; x_wconf 85' lang='lat' dir='ltr'><strong>Gallicani</strong></span> <span class='ocrx_word' id='word_1_49' title='bbox 794 536 855 587; x_wconf 93' lang='lat' dir='ltr'><strong>Bul.</strong></span> <span class='ocrx_word' id='word_1_50' title='bbox 868 535 946 590; x_wconf 83' lang='lat' dir='ltr'><strong>Inter</strong></span> <span class='ocrx_word' id='word_1_51' title='bbox 965 537 1126 604; x_wconf 82' lang='lat' dir='ltr'><strong>multiplicet</strong></span> 
     </span>
     <span class='ocr_line' id='line_1_7' title="bbox 86 607 1125 674; baseline 0 -14"><span class='ocrx_word' id='word_1_52' title='bbox 86 610 110 671; x_wconf 87' lang='lat' dir='ltr'><strong>l,</strong></span> <span class='ocrx_word' id='word_1_53' title='bbox 125 624 192 674; x_wconf 83' lang='lat' dir='ltr'><strong>aug.</strong></span> <span class='ocrx_word' id='word_1_54' title='bbox 209 610 279 661; x_wconf 85' lang='lat'><strong>1690.</strong></span> <span class='ocrx_word' id='word_1_55' title='bbox 294 609 362 660; x_wconf 87' lang='lat' dir='ltr'><strong>Pius</strong></span> <span class='ocrx_word' id='word_1_56' title='bbox 378 608 427 673; x_wconf 87' lang='lat' dir='ltr'><strong>VI,</strong></span> <span class='ocrx_word' id='word_1_57' title='bbox 441 608 588 668; x_wconf 84' lang='lat' dir='ltr'><strong>damnavit,</strong></span> <span class='ocrx_word' id='word_1_58' title='bbox 603 610 631 660; x_wconf 89' lang='lat' dir='ltr'><strong>et</strong></span> <span class='ocrx_word' id='word_1_59' title='bbox 643 607 754 662; x_wconf 80' lang='lat' dir='ltr'><strong>rescidit</strong></span> <span class='ocrx_word' id='word_1_60' title='bbox 768 612 836 672; x_wconf 89' lang='lat' dir='ltr'><strong>acta,</strong></span> <span class='ocrx_word' id='word_1_61' title='bbox 854 609 881 658; x_wconf 87' lang='lat' dir='ltr'><strong>et</strong></span> <span class='ocrx_word' id='word_1_62' title='bbox 894 607 1003 660; x_wconf 85' lang='lat' dir='ltr'><strong>decreta</strong></span> <span class='ocrx_word' id='word_1_63' title='bbox 1016 609 1125 662; x_wconf 91' lang='lat' dir='ltr'><strong>concilii</strong></span> 
     </span>
     <span class='ocr_line' id='line_1_8' title="bbox 86 677 1124 744; baseline 0.003 -14"><span class='ocrx_word' id='word_1_64' title='bbox 86 680 269 733; x_wconf 74' lang='lat' dir='ltr'><strong>pistoriensis</strong></span> <span class='ocrx_word' id='word_1_65' title='bbox 281 693 325 732; x_wconf 90' lang='lat' dir='ltr'><strong>an.</strong></span> <span class='ocrx_word' id='word_1_66' title='bbox 345 679 415 732; x_wconf 82' lang='lat'>1786.</span> <span class='ocrx_word' id='word_1_67' title='bbox 433 678 495 731; x_wconf 90' lang='lat' dir='ltr'><strong>Bul.</strong></span> <span class='ocrx_word' id='word_1_68' title='bbox 511 680 652 732; x_wconf 81' lang='lat' dir='ltr'><strong>Auctorem</strong></span> <span class='ocrx_word' id='word_1_69' title='bbox 661 677 738 744; x_wconf 53' lang='lat' dir='ltr'><strong>fidet}</strong></span> <span class='ocrx_word' id='word_1_70' title='bbox 757 682 784 730; x_wconf 89' lang='lat' dir='ltr'><strong>at</strong></span> <span class='ocrx_word' id='word_1_71' title='bbox 796 679 862 730; x_wconf 88' lang='lat' dir='ltr'><strong>Pius</strong></span> <span class='ocrx_word' id='word_1_72' title='bbox 871 679 921 742; x_wconf 85' lang='lat' dir='ltr'><strong>IX,</strong></span> <span class='ocrx_word' id='word_1_73' title='bbox 936 680 1124 733; x_wconf 87' lang='lat' dir='ltr'><strong>sanctissimus</strong></span> 
     </span>
     <span class='ocr_line' id='line_1_9' title="bbox 87 747 1122 816; baseline -0.001 -13"><span class='ocrx_word' id='word_1_74' title='bbox 87 755 113 803; x_wconf 89' lang='lat' dir='ltr'><strong>et</strong></span> <span class='ocrx_word' id='word_1_75' title='bbox 125 752 290 804; x_wconf 84' lang='lat' dir='ltr'><strong>mitissimus</strong></span> <span class='ocrx_word' id='word_1_76' title='bbox 303 752 332 802; x_wconf 88' lang='lat' dir='ltr'><strong>in</strong></span> <span class='ocrx_word' id='word_1_77' title='bbox 344 750 471 815; x_wconf 90' lang='lat' dir='ltr'><strong>pluribus</strong></span> <span class='ocrx_word' id='word_1_78' title='bbox 484 747 693 802; x_wconf 83' lang='lat' dir='ltr'><strong>allocutionibus</strong></span> <span class='ocrx_word' id='word_1_79' title='bbox 706 762 796 802; x_wconf 89' lang='lat' dir='ltr'><strong>coram</strong></span> <span class='ocrx_word' id='word_1_80' title='bbox 806 749 997 802; x_wconf 79' lang='lat' dir='ltr'><strong>Cardinalibus</strong></span> <span class='ocrx_word' id='word_1_81' title='bbox 1010 751 1122 816; x_wconf 88' lang='lat' dir='ltr'><strong>habitis,</strong></span> 
     </span>
     <span class='ocr_line' id='line_1_10' title="bbox 86 820 1121 888; baseline -0.002 -14"><span class='ocrx_word' id='word_1_82' title='bbox 86 827 112 874; x_wconf 89' lang='lat' dir='ltr'><strong>et</strong></span> <span class='ocrx_word' id='word_1_83' title='bbox 125 824 155 874; x_wconf 87' lang='lat' dir='ltr'><strong>in</strong></span> <span class='ocrx_word' id='word_1_84' title='bbox 169 822 412 876; x_wconf 82' lang='lat' dir='ltr'><strong>constitutionibus</strong></span> <span class='ocrx_word' id='word_1_85' title='bbox 427 835 443 875; x_wconf 93' lang='lat' dir='ltr'><strong>a</strong></span> <span class='ocrx_word' id='word_1_86' title='bbox 462 835 492 872; x_wconf 90' lang='lat' dir='ltr'><strong>se</strong></span> <span class='ocrx_word' id='word_1_87' title='bbox 504 821 593 885; x_wconf 88' lang='lat' dir='ltr'><strong>editis,</strong></span> <span class='ocrx_word' id='word_1_88' title='bbox 613 821 706 886; x_wconf 88' lang='lat' dir='ltr'><strong>plures</strong></span> <span class='ocrx_word' id='word_1_89' title='bbox 724 823 801 874; x_wconf 85' lang='lat' dir='ltr'><strong>actus</strong></span> <span class='ocrx_word' id='word_1_90' title='bbox 815 820 947 872; x_wconf 83' lang='lat' dir='ltr'><strong>Gubernii</strong></span> <span class='ocrx_word' id='word_1_91' title='bbox 975 820 1121 888; x_wconf 77' lang='lat' dir='ltr'><strong>subalpini</strong></span> 
     </span>
     <span class='ocr_line' id='line_1_11' title="bbox 86 891 1124 958; baseline 0.002 -14"><span class='ocrx_word' id='word_1_92' title='bbox 86 894 180 946; x_wconf 85' lang='lat' dir='ltr'><strong>nullos</strong></span> <span class='ocrx_word' id='word_1_93' title='bbox 196 898 225 946; x_wconf 92' lang='lat' dir='ltr'><strong>et</strong></span> <span class='ocrx_word' id='word_1_94' title='bbox 237 894 329 945; x_wconf 88' lang='lat' dir='ltr'><strong>irritos</strong></span> <span class='ocrx_word' id='word_1_95' title='bbox 343 893 501 945; x_wconf 82' lang='lat' dir='ltr'><strong>declaravit.</strong></span> <span class='ocrx_word' id='word_1_96' title='bbox 514 891 548 944; x_wconf 88' lang='lat' dir='ltr'><strong>V.</strong></span> <span class='ocrx_word' id='word_1_97' title='bbox 562 892 642 944; x_wconf 89' lang='lat' dir='ltr'><strong>allec.</strong></span> <span class='ocrx_word' id='word_1_98' title='bbox 654 895 681 944; x_wconf 92' lang='lat' dir='ltr'><strong>et</strong></span> <span class='ocrx_word' id='word_1_99' title='bbox 695 891 745 944; x_wconf 90' lang='lat' dir='ltr'><strong>litt.</strong></span> <span class='ocrx_word' id='word_1_100' title='bbox 756 893 852 958; x_wconf 83' lang='lat' dir='ltr'><strong>Apost.</strong></span> <span class='ocrx_word' id='word_1_101' title='bbox 868 893 913 944; x_wconf 86' lang='lat' dir='ltr'><strong>cit.</strong></span> <span class='ocrx_word' id='word_1_102' title='bbox 925 893 952 943; x_wconf 91' lang='lat' dir='ltr'><strong>in</strong></span> <span class='ocrx_word' id='word_1_103' title='bbox 967 893 1081 958; x_wconf 86' lang='lat' dir='ltr'><strong>syllaba.</strong></span> <span class='ocrx_word' id='word_1_104' title='bbox 1093 919 1124 933; x_wconf 92' lang='lat'><strong>·-</strong></span> 
     </span>
     <span class='ocr_line' id='line_1_12' title="bbox 88 962 1124 1030; baseline 0 -14"><span class='ocrx_word' id='word_1_105' title='bbox 88 965 122 1029; x_wconf 74' lang='lat'><strong>(3)</strong></span> <span class='ocrx_word' id='word_1_106' title='bbox 134 965 333 1030; x_wconf 84' lang='lat' dir='ltr'><strong>interpretatio</strong></span> <span class='ocrx_word' id='word_1_107' title='bbox 348 962 529 1016; x_wconf 76' lang='lat' dir='ltr'><strong>dectarctom&#39;c</strong></span> <span class='ocrx_word' id='word_1_108' title='bbox 542 963 579 1026; x_wconf 90' lang='lat' dir='ltr'><strong>tlt,</strong></span> <span class='ocrx_word' id='word_1_109' title='bbox 594 977 656 1014; x_wconf 90' lang='lat' dir='ltr'><strong>oum</strong></span> <span class='ocrx_word' id='word_1_110' title='bbox 671 977 767 1015; x_wconf 89' lang='lat' dir='ltr'><strong>sensus</strong></span> <span class='ocrx_word' id='word_1_111' title='bbox 788 967 815 1014; x_wconf 93' lang='lat' dir='ltr'><strong>et</strong></span> <span class='ocrx_word' id='word_1_112' title='bbox 827 963 911 1016; x_wconf 88' lang='lat' dir='ltr'><strong>verba</strong></span> <span class='ocrx_word' id='word_1_113' title='bbox 927 964 995 1030; x_wconf 80' lang='lat' dir='ltr'><strong>legis</strong></span> <span class='ocrx_word' id='word_1_114' title='bbox 1010 965 1124 1030; x_wconf 74' lang='lat' dir='ltr'><strong>aquali·</strong></span> 
     </span>
     <span class='ocr_line' id='line_1_13' title="bbox 22 1033 1125 1102; baseline 0.004 -16"><span class='ocrx_word' id='word_1_115' title='bbox 22 1063 27 1072; x_wconf 87' lang='lat'><em>·</em></span> <span class='ocrx_word' id='word_1_116' title='bbox 88 1040 128 1086; x_wconf 88' lang='lat' dir='ltr'><strong>ter</strong></span> <span class='ocrx_word' id='word_1_117' title='bbox 141 1037 308 1102; x_wconf 87' lang='lat' dir='ltr'><strong>procedunt,</strong></span> <span class='ocrx_word' id='word_1_118' title='bbox 320 1049 369 1086; x_wconf 91' lang='lat' dir='ltr'><strong>seu</strong></span> <span class='ocrx_word' id='word_1_119' title='bbox 385 1048 445 1086; x_wconf 90' lang='lat' dir='ltr'><strong>cum</strong></span> <span class='ocrx_word' id='word_1_120' title='bbox 460 1033 600 1099; x_wconf 81' lang='lat' dir='ltr'><strong>legislator</strong></span> <span class='ocrx_word' id='word_1_121' title='bbox 613 1035 718 1098; x_wconf 89' lang='lat' dir='ltr'><strong>precise</strong></span> <span class='ocrx_word' id='word_1_122' title='bbox 737 1034 871 1100; x_wconf 84' lang='lat' dir='ltr'><strong>expressit</strong></span> <span class='ocrx_word' id='word_1_123' title='bbox 883 1039 1016 1098; x_wconf 81' lang='lat' dir='ltr'><strong>quantum</strong></span> <span class='ocrx_word' id='word_1_124' title='bbox 1028 1037 1125 1090; x_wconf 84' lang='lat' dir='ltr'><strong>voluit.</strong></span> 
     </span>
     <span class='ocr_line' id='line_1_14' title="bbox 89 1104 1124 1173; baseline 0 -16"><span class='ocrx_word' id='word_1_125' title='bbox 89 1107 147 1158; x_wconf 86' lang='lat' dir='ltr'><strong>Hoc</strong></span> <span class='ocrx_word' id='word_1_126' title='bbox 161 1121 230 1160; x_wconf 87' lang='lat' dir='ltr'><strong>casu</strong></span> <span class='ocrx_word' id='word_1_127' title='bbox 244 1107 432 1171; x_wconf 87' lang='lat' dir='ltr'><strong>interpretatio</strong></span> <span class='ocrx_word' id='word_1_128' title='bbox 446 1107 551 1157; x_wconf 87' lang='lat' dir='ltr'><strong>tantum</strong></span> <span class='ocrx_word' id='word_1_129' title='bbox 574 1104 689 1156; x_wconf 76' lang='lat' dir='ltr'><strong>verntur</strong></span> <span class='ocrx_word' id='word_1_130' title='bbox 711 1105 738 1157; x_wconf 91' lang='lat' dir='ltr'><strong>in</strong></span> <span class='ocrx_word' id='word_1_131' title='bbox 761 1105 937 1170; x_wconf 87' lang='lat' dir='ltr'><strong>declarando,</strong></span> <span class='ocrx_word' id='word_1_132' title='bbox 961 1107 1019 1160; x_wconf 90' lang='lat' dir='ltr'><strong>sive</strong></span> <span class='ocrx_word' id='word_1_133' title='bbox 1040 1107 1124 1173; x_wconf 80' lang='lat' dir='ltr'><strong>expli-</strong></span> 
     </span>
     <span class='ocr_line' id='line_1_15' title="bbox 91 1176 1127 1243; baseline 0.002 -14"><span class='ocrx_word' id='word_1_134' title='bbox 91 1179 179 1230; x_wconf 89' lang='lat' dir='ltr'><strong>canda</strong></span> <span class='ocrx_word' id='word_1_135' title='bbox 198 1193 293 1241; x_wconf 88' lang='lat' dir='ltr'><strong>sensu,</strong></span> <span class='ocrx_word' id='word_1_136' title='bbox 307 1183 334 1230; x_wconf 90' lang='grc' dir='ltr'><strong>θῖ</strong></span> <span class='ocrx_word' id='word_1_137' title='bbox 347 1177 431 1230; x_wconf 83' lang='lat' dir='ltr'><strong>verbo</strong></span> <span class='ocrx_word' id='word_1_138' title='bbox 453 1176 531 1240; x_wconf 82' lang='lat' dir='ltr'><strong>legis,</strong></span> <span class='ocrx_word' id='word_1_139' title='bbox 544 1179 572 1228; x_wconf 89' lang='lat' dir='ltr'><strong>et</strong></span> <span class='ocrx_word' id='word_1_140' title='bbox 592 1176 668 1227; x_wconf 87' lang='lat' dir='ltr'><strong>nulla</strong></span> <span class='ocrx_word' id='word_1_141' title='bbox 691 1177 721 1228; x_wconf 84' lang='lat' dir='ltr'><strong>tlt</strong></span> <span class='ocrx_word' id='word_1_142' title='bbox 741 1177 889 1230; x_wconf 86' lang='lat' dir='ltr'><strong>voluntatis</strong></span> <span class='ocrx_word' id='word_1_143' title='bbox 910 1178 1025 1243; x_wconf 80' lang='lat' dir='ltr'><strong>questio</strong></span> <span class='ocrx_word' id='word_1_144' title='bbox 1042 1192 1127 1231; x_wconf 84' lang='lat' dir='ltr'><strong>:nam</strong></span> 
     </span>
     <span class='ocr_line' id='line_1_16' title="bbox 91 1243 1128 1316; baseline 0.002 -16"><span class='ocrx_word' id='word_1_145' title='bbox 91 1251 138 1300; x_wconf 91' lang='lat' dir='ltr'><strong>ubi</strong></span> <span class='ocrx_word' id='word_1_146' title='bbox 148 1243 292 1316; x_wconf 79' lang='lat' dir='ltr'><strong>legislator</strong></span> <span class='ocrx_word' id='word_1_147' title='bbox 306 1249 472 1302; x_wconf 86' lang='lat' dir='ltr'><strong>voluntatem</strong></span> <span class='ocrx_word' id='word_1_148' title='bbox 482 1261 559 1299; x_wconf 89' lang='lat' dir='ltr'><strong>suam</strong></span> <span class='ocrx_word' id='word_1_149' title='bbox 573 1251 645 1300; x_wconf 88' lang='lat' dir='ltr'><strong>recte</strong></span> <span class='ocrx_word' id='word_1_150' title='bbox 657 1248 813 1314; x_wconf 89' lang='lat' dir='ltr'><strong>declaravit,</strong></span> <span class='ocrx_word' id='word_1_151' title='bbox 830 1249 855 1299; x_wconf 89' lang='lat' dir='ltr'><strong>ei</strong></span> <span class='ocrx_word' id='word_1_152' title='bbox 869 1248 1064 1301; x_wconf 82' lang='lat' dir='ltr'><strong>adhaerendum</strong></span> <span class='ocrx_word' id='word_1_153' title='bbox 1076 1253 1128 1314; x_wconf 84' lang='lat' dir='ltr'><strong>ast,</strong></span> 
     </span>
     <span class='ocr_line' id='line_1_17' title="bbox 92 1319 1128 1386; baseline 0.004 -16"><span class='ocrx_word' id='word_1_154' title='bbox 92 1321 155 1374; x_wconf 85' lang='lat' dir='ltr'><strong>licat</strong></span> <span class='ocrx_word' id='word_1_155' title='bbox 174 1323 245 1372; x_wconf 86' lang='lat' dir='ltr'><strong>dura</strong></span> <span class='ocrx_word' id='word_1_156' title='bbox 258 1323 328 1372; x_wconf 83' lang='lat' dir='ltr'><strong>torte</strong></span> <span class='ocrx_word' id='word_1_157' title='bbox 345 1321 478 1381; x_wconf 86' lang='lat' dir='ltr'><strong>videatur,</strong></span> <span class='ocrx_word' id='word_1_158' title='bbox 493 1319 566 1384; x_wconf 87' lang='lat' dir='ltr'><strong>quia,</strong></span> <span class='ocrx_word' id='word_1_159' title='bbox 579 1323 609 1370; x_wconf 90' lang='lat' dir='ltr'><strong>ut</strong></span> <span class='ocrx_word' id='word_1_160' title='bbox 625 1319 700 1370; x_wconf 84' lang='lat' dir='ltr'><strong>aitS.</strong></span> <span class='ocrx_word' id='word_1_161' title='bbox 716 1320 896 1386; x_wconf 79' lang='lat' dir='ltr'><strong>Augustinus,</strong></span> <span class='ocrx_word' id='word_1_162' title='bbox 908 1321 1072 1386; x_wconf 88' lang='lat' dir='ltr'><strong>permissum</strong></span> <span class='ocrx_word' id='word_1_163' title='bbox 1081 1335 1128 1374; x_wconf 90' lang='lat' dir='ltr'><strong>no·</strong></span> 
     </span>
     <span class='ocr_line' id='line_1_18' title="bbox 93 1388 1127 1459; baseline 0.002 -17"><span class='ocrx_word' id='word_1_164' title='bbox 93 1394 135 1444; x_wconf 89' lang='lat' dir='ltr'><strong>bis</strong></span> <span class='ocrx_word' id='word_1_165' title='bbox 150 1397 194 1445; x_wconf 90' lang='lat' dir='ltr'><strong>est</strong></span> <span class='ocrx_word' id='word_1_166' title='bbox 206 1407 262 1446; x_wconf 83' lang='lat' dir='ltr'><strong>nen</strong></span> <span class='ocrx_word' id='word_1_167' title='bbox 284 1391 317 1444; x_wconf 86' lang='lat' dir='ltr'><strong>dc</strong></span> <span class='ocrx_word' id='word_1_168' title='bbox 331 1392 439 1456; x_wconf 79' lang='lat' dir='ltr'><strong>lapibus,</strong></span> <span class='ocrx_word' id='word_1_169' title='bbox 452 1391 498 1441; x_wconf 81' lang='lat' dir='ltr'><strong>scd</strong></span> <span class='ocrx_word' id='word_1_170' title='bbox 515 1388 661 1442; x_wconf 81' lang='lat' dir='ltr'><strong>secundum</strong></span> <span class='ocrx_word' id='word_1_171' title='bbox 678 1391 744 1459; x_wconf 75' lang='lat' dir='ltr'><strong>iopes</strong></span> <span class='ocrx_word' id='word_1_172' title='bbox 766 1391 902 1456; x_wconf 75' lang='lat' dir='ltr'><strong>jndicure.</strong></span> <span class='ocrx_word' id='word_1_173' title='bbox 920 1389 1067 1444; x_wconf 80' lang='lat' dir='ltr'><strong>Eatensiva</strong></span> <span class='ocrx_word' id='word_1_174' title='bbox 1086 1393 1127 1458; x_wconf 87' lang='lat' dir='ltr'><strong>tlt,</strong></span> 
     </span>
     <span class='ocr_line' id='line_1_19' title="bbox 94 1462 1126 1528; baseline 0 -14"><span class='ocrx_word' id='word_1_175' title='bbox 94 1478 154 1515; x_wconf 89' lang='lat' dir='ltr'><strong>cum</strong></span> <span class='ocrx_word' id='word_1_176' title='bbox 169 1479 269 1516; x_wconf 87' lang='lat' dir='ltr'><strong>sensus</strong></span> <span class='ocrx_word' id='word_1_177' title='bbox 292 1465 361 1528; x_wconf 85' lang='lat' dir='ltr'><strong>legis</strong></span> <span class='ocrx_word' id='word_1_178' title='bbox 379 1463 459 1512; x_wconf 89' lang='lat' dir='ltr'><strong>latior</strong></span> <span class='ocrx_word' id='word_1_179' title='bbox 475 1464 526 1520; x_wconf 86' lang='lat' dir='ltr'><strong>est,</strong></span> <span class='ocrx_word' id='word_1_180' title='bbox 540 1475 621 1526; x_wconf 85' lang='lat' dir='ltr'><strong>quem</strong></span> <span class='ocrx_word' id='word_1_181' title='bbox 637 1462 763 1525; x_wconf 84' lang='lat' dir='ltr'><strong>verbum,</strong></span> <span class='ocrx_word' id='word_1_182' title='bbox 780 1476 829 1513; x_wconf 90' lang='lat' dir='ltr'><strong>san</strong></span> <span class='ocrx_word' id='word_1_183' title='bbox 849 1475 910 1514; x_wconf 92' lang='lat' dir='ltr'><strong>cum</strong></span> <span class='ocrx_word' id='word_1_184' title='bbox 924 1463 1063 1528; x_wconf 79' lang='lat' dir='ltr'><strong>legislator</strong></span> <span class='ocrx_word' id='word_1_185' title='bbox 1074 1465 1126 1515; x_wconf 92' lang='lat' dir='ltr'><strong>mi-</strong></span> 
     </span>
     <span class='ocr_line' id='line_1_20' title="bbox 94 1533 1128 1601; baseline 0.002 -16"><span class='ocrx_word' id='word_1_186' title='bbox 94 1549 146 1586; x_wconf 87' lang='lat' dir='ltr'><strong>nus</strong></span> <span class='ocrx_word' id='word_1_187' title='bbox 155 1537 276 1601; x_wconf 86' lang='lat' dir='ltr'><strong>scripsit,</strong></span> <span class='ocrx_word' id='word_1_188' title='bbox 295 1549 375 1601; x_wconf 83' lang='lat' dir='ltr'><strong>quam</strong></span> <span class='ocrx_word' id='word_1_189' title='bbox 390 1533 483 1592; x_wconf 83' lang='lat' dir='ltr'><strong>voluit,</strong></span> <span class='ocrx_word' id='word_1_190' title='bbox 497 1535 528 1583; x_wconf 93' lang='lat' dir='ltr'><strong>ut</strong></span> <span class='ocrx_word' id='word_1_191' title='bbox 550 1533 574 1582; x_wconf 91' lang='lat' dir='ltr'><strong>si</strong></span> <span class='ocrx_word' id='word_1_192' title='bbox 597 1533 625 1584; x_wconf 89' lang='lat' dir='ltr'><strong>in</strong></span> <span class='ocrx_word' id='word_1_193' title='bbox 651 1533 735 1585; x_wconf 90' lang='lat' dir='ltr'><strong>verbo</strong></span> <span class='ocrx_word' id='word_1_194' title='bbox 759 1533 1006 1599; x_wconf 80' lang='lat' dir='ltr'><strong>comprehendatur</strong></span> <span class='ocrx_word' id='word_1_195' title='bbox 1023 1538 1128 1588; x_wconf 89' lang='lat' dir='ltr'><strong>tantum</strong></span> 
     </span>
     <span class='ocr_line' id='line_1_21' title="bbox 96 1603 1129 1671; baseline 0.004 -15"><span class='ocrx_word' id='word_1_196' title='bbox 96 1621 166 1658; x_wconf 89' lang='lat' dir='ltr'><strong>unus</strong></span> <span class='ocrx_word' id='word_1_197' title='bbox 181 1621 271 1671; x_wconf 90' lang='lat' dir='ltr'><strong>casus,</strong></span> <span class='ocrx_word' id='word_1_198' title='bbox 288 1611 315 1658; x_wconf 92' lang='lat' dir='ltr'><strong>et</strong></span> <span class='ocrx_word' id='word_1_199' title='bbox 328 1606 356 1656; x_wconf 90' lang='lat' dir='ltr'><strong>in</strong></span> <span class='ocrx_word' id='word_1_200' title='bbox 370 1618 452 1656; x_wconf 88' lang='lat' dir='ltr'><strong>sensu</strong></span> <span class='ocrx_word' id='word_1_201' title='bbox 466 1603 728 1668; x_wconf 88' lang='lat' dir='ltr'><strong>comprehendantur</strong></span> <span class='ocrx_word' id='word_1_202' title='bbox 743 1604 789 1654; x_wconf 88' lang='lat' dir='ltr'><strong>alii</strong></span> <span class='ocrx_word' id='word_1_203' title='bbox 804 1604 921 1655; x_wconf 87' lang='lat' dir='ltr'><strong>similes:</strong></span> <span class='ocrx_word' id='word_1_204' title='bbox 936 1606 975 1656; x_wconf 92' lang='lat' dir='ltr'><strong>sic</strong></span> <span class='ocrx_word' id='word_1_205' title='bbox 984 1606 1012 1656; x_wconf 90' lang='lat' dir='ltr'><strong>in</strong></span> <span class='ocrx_word' id='word_1_206' title='bbox 1023 1605 1129 1671; x_wconf 79' lang='lat' dir='ltr'><strong>legibus</strong></span> 
     </span>
     <span class='ocr_line' id='line_1_22' title="bbox 95 1675 1128 1745; baseline 0.002 -17"><span class='ocrx_word' id='word_1_207' title='bbox 95 1677 149 1728; x_wconf 84' lang='lat' dir='ltr'><strong>XII</strong></span> <span class='ocrx_word' id='word_1_208' title='bbox 160 1677 330 1730; x_wconf 87' lang='lat' dir='ltr'><strong>Tabularum</strong></span> <span class='ocrx_word' id='word_1_209' title='bbox 342 1679 450 1742; x_wconf 87' lang='lat' dir='ltr'><strong>jussum</strong></span> <span class='ocrx_word' id='word_1_210' title='bbox 467 1678 534 1734; x_wconf 84' lang='lat' dir='ltr'><strong>arat,</strong></span> <span class='ocrx_word' id='word_1_211' title='bbox 549 1681 580 1724; x_wconf 90' lang='lat' dir='ltr'><strong>ut</strong></span> <span class='ocrx_word' id='word_1_212' title='bbox 598 1677 705 1725; x_wconf 88' lang='lat' dir='ltr'><strong>curator</strong></span> <span class='ocrx_word' id='word_1_213' title='bbox 718 1675 828 1726; x_wconf 89' lang='lat' dir='ltr'><strong>daretur</strong></span> <span class='ocrx_word' id='word_1_214' title='bbox 843 1676 954 1738; x_wconf 84' lang='lat' dir='ltr'><strong>furioso,</strong></span> <span class='ocrx_word' id='word_1_215' title='bbox 968 1677 1039 1742; x_wconf 87' lang='lat' dir='ltr'><strong>quod</strong></span> <span class='ocrx_word' id='word_1_216' title='bbox 1062 1692 1128 1745; x_wconf 92' lang='lat' dir='ltr'><strong>pro-</strong></span> 
     </span>
     <span class='ocr_line' id='line_1_23' title="bbox 99 1746 1128 1812; baseline 0.005 -16"><span class='ocrx_word' id='word_1_217' title='bbox 99 1752 213 1801; x_wconf 88' lang='lat' dir='ltr'><strong>tractum</strong></span> <span class='ocrx_word' id='word_1_218' title='bbox 228 1750 284 1800; x_wconf 84' lang='lat' dir='ltr'><strong>suit</strong></span> <span class='ocrx_word' id='word_1_219' title='bbox 301 1748 334 1799; x_wconf 90' lang='lat' dir='ltr'><strong>ad</strong></span> <span class='ocrx_word' id='word_1_220' title='bbox 349 1747 488 1812; x_wconf 86' lang='lat' dir='ltr'><strong>prodigos,</strong></span> <span class='ocrx_word' id='word_1_221' title='bbox 503 1746 550 1810; x_wconf 90' lang='lat' dir='ltr'><strong>qui</strong></span> <span class='ocrx_word' id='word_1_222' title='bbox 568 1747 699 1798; x_wconf 79' lang='lat' dir='ltr'><strong>furiosum</strong></span> <span class='ocrx_word' id='word_1_223' title='bbox 713 1746 816 1797; x_wconf 84' lang='lat' dir='ltr'><strong>faciunt</strong></span> <span class='ocrx_word' id='word_1_224' title='bbox 839 1760 929 1798; x_wconf 89' lang='lat' dir='ltr'><strong>rerum</strong></span> <span class='ocrx_word' id='word_1_225' title='bbox 947 1761 1057 1800; x_wconf 87' lang='lat' dir='ltr'><strong>suarum</strong></span> <span class='ocrx_word' id='word_1_226' title='bbox 1071 1750 1128 1801; x_wconf 84' lang='lat' dir='ltr'><strong>exi-</strong></span> 
     </span>
     <span class='ocr_line' id='line_1_24' title="bbox 99 1817 1128 1884; baseline 0.003 -14"><span class='ocrx_word' id='word_1_227' title='bbox 99 1824 154 1871; x_wconf 90' lang='lat' dir='ltr'><strong>tum</strong></span> <span class='ocrx_word' id='word_1_228' title='bbox 171 1843 178 1870; x_wconf 92' lang='lat'><strong>.·</strong></span> <span class='ocrx_word' id='word_1_229' title='bbox 196 1822 236 1872; x_wconf 92' lang='lat' dir='ltr'><strong>sic</strong></span> <span class='ocrx_word' id='word_1_230' title='bbox 246 1821 275 1870; x_wconf 89' lang='lat' dir='ltr'><strong>in</strong></span> <span class='ocrx_word' id='word_1_231' title='bbox 286 1834 344 1884; x_wconf 90' lang='lat' dir='ltr'><strong>cap.</strong></span> <span class='ocrx_word' id='word_1_232' title='bbox 361 1821 385 1881; x_wconf 88' lang='lat'><strong>5,</strong></span> <span class='ocrx_word' id='word_1_233' title='bbox 406 1820 439 1870; x_wconf 91' lang='lat' dir='ltr'><strong>de</strong></span> <span class='ocrx_word' id='word_1_234' title='bbox 452 1831 545 1882; x_wconf 88' lang='lat' dir='ltr'><strong>spons.</strong></span> <span class='ocrx_word' id='word_1_235' title='bbox 559 1819 586 1868; x_wconf 91' lang='grc' dir='ltr'><strong>θῖ</strong></span> <span class='ocrx_word' id='word_1_236' title='bbox 597 1821 675 1868; x_wconf 89' lang='lat' dir='ltr'><strong>matr.</strong></span> <span class='ocrx_word' id='word_1_237' title='bbox 691 1817 819 1869; x_wconf 82' lang='lat' dir='ltr'><strong>delatuit</strong></span> <span class='ocrx_word' id='word_1_238' title='bbox 834 1831 940 1883; x_wconf 74' lang='lat' dir='ltr'><strong>sponsae</strong></span> <span class='ocrx_word' id='word_1_239' title='bbox 956 1820 1070 1872; x_wconf 80' lang='lat' dir='ltr'><strong>facultas</strong></span> <span class='ocrx_word' id='word_1_240' title='bbox 1084 1834 1128 1873; x_wconf 93' lang='lat' dir='ltr'><strong>re-</strong></span> 
     </span>
     <span class='ocr_line' id='line_1_25' title="bbox 100 1884 1129 1957; baseline 0.002 -17"><span class='ocrx_word' id='word_1_241' title='bbox 100 1884 207 1944; x_wconf 86' lang='lat' dir='ltr'><strong>siliendi</strong></span> <span class='ocrx_word' id='word_1_242' title='bbox 222 1906 238 1944; x_wconf 92' lang='lat' dir='ltr'><strong>a</strong></span> <span class='ocrx_word' id='word_1_243' title='bbox 253 1890 440 1956; x_wconf 87' lang='lat' dir='ltr'><strong>sponsalibus,</strong></span> <span class='ocrx_word' id='word_1_244' title='bbox 452 1889 476 1940; x_wconf 88' lang='lat' dir='ltr'><strong>si</strong></span> <span class='ocrx_word' id='word_1_245' title='bbox 489 1901 604 1952; x_wconf 88' lang='lat' dir='ltr'><strong>sponsus</strong></span> <span class='ocrx_word' id='word_1_246' title='bbox 615 1888 649 1940; x_wconf 89' lang='lat' dir='ltr'><strong>ad</strong></span> <span class='ocrx_word' id='word_1_247' title='bbox 663 1888 751 1940; x_wconf 86' lang='lat' dir='ltr'><strong>aliena</strong></span> <span class='ocrx_word' id='word_1_248' title='bbox 761 1889 927 1954; x_wconf 81' lang='lat' dir='ltr'><strong>commigret,</strong></span> <span class='ocrx_word' id='word_1_249' title='bbox 941 1891 1013 1957; x_wconf 87' lang='lat' dir='ltr'><strong>quod</strong></span> <span class='ocrx_word' id='word_1_250' title='bbox 1025 1905 1075 1957; x_wconf 93' lang='lat' dir='ltr'><strong>per</strong></span> <span class='ocrx_word' id='word_1_251' title='bbox 1088 1893 1129 1943; x_wconf 88' lang='lat' dir='ltr'><strong>in·</strong></span> 
     </span>
     <span class='ocr_line' id='line_1_26' title="bbox 102 1959 1129 2028; baseline 0.003 -17"><span class='ocrx_word' id='word_1_252' title='bbox 102 1965 321 2028; x_wconf 86' lang='lat' dir='ltr'><strong>terpretationem</strong></span> <span class='ocrx_word' id='word_1_253' title='bbox 337 1961 503 2012; x_wconf 85' lang='lat' dir='ltr'><strong>extensivam</strong></span> <span class='ocrx_word' id='word_1_254' title='bbox 520 1963 547 2010; x_wconf 88' lang='lat' dir='ltr'><strong>ct</strong></span> <span class='ocrx_word' id='word_1_255' title='bbox 565 1973 664 2024; x_wconf 87' lang='lat' dir='ltr'><strong>sponso</strong></span> <span class='ocrx_word' id='word_1_256' title='bbox 686 1959 849 2023; x_wconf 87' lang='lat' dir='ltr'><strong>conceditur,</strong></span> <span class='ocrx_word' id='word_1_257' title='bbox 865 1963 929 2026; x_wconf 84' lang='lat' dir='ltr'><strong>quia</strong></span> <span class='ocrx_word' id='word_1_258' title='bbox 951 1977 1012 2014; x_wconf 91' lang='lat' dir='ltr'><strong>cum</strong></span> <span class='ocrx_word' id='word_1_259' title='bbox 1025 1964 1129 2015; x_wconf 90' lang='lat' dir='ltr'><strong>utrobi·</strong></span> 
     </span>
     <span class='ocr_line' id='line_1_27' title="bbox 102 2031 1130 2098; baseline 0.004 -14"><span class='ocrx_word' id='word_1_260' title='bbox 102 2047 151 2098; x_wconf 87' lang='lat' dir='ltr'><strong>qua</strong></span> <span class='ocrx_word' id='word_1_261' title='bbox 165 2035 259 2085; x_wconf 90' lang='lat' dir='ltr'><strong>eadam</strong></span> <span class='ocrx_word' id='word_1_262' title='bbox 274 2035 309 2084; x_wconf 85' lang='lat' dir='ltr'><strong>sit</strong></span> <span class='ocrx_word' id='word_1_263' title='bbox 329 2033 406 2094; x_wconf 87' lang='lat' dir='ltr'><strong>ratio,</strong></span> <span class='ocrx_word' id='word_1_264' title='bbox 421 2032 517 2098; x_wconf 86' lang='lat' dir='ltr'><strong>eadem</strong></span> <span class='ocrx_word' id='word_1_265' title='bbox 537 2044 597 2082; x_wconf 89' lang='lat' dir='ltr'><strong>esse</strong></span> <span class='ocrx_word' id='word_1_266' title='bbox 612 2031 694 2082; x_wconf 86' lang='lat' dir='ltr'><strong>debet</strong></span> <span class='ocrx_word' id='word_1_267' title='bbox 714 2031 786 2096; x_wconf 86' lang='lat' dir='ltr'><strong>juris</strong></span> <span class='ocrx_word' id='word_1_268' title='bbox 806 2031 956 2096; x_wconf 89' lang='lat' dir='ltr'><strong>dispositio.</strong></span> <span class='ocrx_word' id='word_1_269' title='bbox 971 2034 1130 2088; x_wconf 61' lang='lat' dir='ltr'><strong>Resimctiva</strong></span> 
     </span>
     <span class='ocr_line' id='line_1_28' title="bbox 103 2102 1130 2170; baseline 0.005 -17"><span class='ocrx_word' id='word_1_270' title='bbox 103 2105 287 2170; x_wconf 86' lang='lat' dir='ltr'><strong>interpretatio</strong></span> <span class='ocrx_word' id='word_1_271' title='bbox 301 2117 380 2154; x_wconf 87' lang='lat' dir='ltr'><strong>versa</strong></span> <span class='ocrx_word' id='word_1_272' title='bbox 391 2105 449 2153; x_wconf 89' lang='lat' dir='ltr'><strong>vice</strong></span> <span class='ocrx_word' id='word_1_273' title='bbox 464 2103 494 2152; x_wconf 89' lang='lat' dir='ltr'><strong>tit</strong></span> <span class='ocrx_word' id='word_1_274' title='bbox 516 2115 576 2152; x_wconf 90' lang='lat' dir='ltr'><strong>cum</strong></span> <span class='ocrx_word' id='word_1_275' title='bbox 592 2102 706 2154; x_wconf 90' lang='lat' dir='ltr'><strong>verbum</strong></span> <span class='ocrx_word' id='word_1_276' title='bbox 729 2103 810 2152; x_wconf 91' lang='lat' dir='ltr'><strong>latius</strong></span> <span class='ocrx_word' id='word_1_277' title='bbox 831 2108 914 2167; x_wconf 88' lang='lat' dir='ltr'><strong>patet,</strong></span> <span class='ocrx_word' id='word_1_278' title='bbox 935 2119 1017 2170; x_wconf 87' lang='lat' dir='ltr'><strong>quam</strong></span> <span class='ocrx_word' id='word_1_279' title='bbox 1033 2119 1130 2158; x_wconf 89' lang='lat' dir='ltr'><strong>sensus</strong></span> 
     </span>
     <span class='ocr_line' id='line_1_29' title="bbox 105 2173 1130 2241; baseline 0.003 -17"><span class='ocrx_word' id='word_1_280' title='bbox 105 2174 179 2241; x_wconf 84' lang='lat' dir='ltr'><strong>legis,</strong></span> <span class='ocrx_word' id='word_1_281' title='bbox 195 2191 245 2228; x_wconf 90' lang='lat' dir='ltr'><strong>seu</strong></span> <span class='ocrx_word' id='word_1_282' title='bbox 258 2190 319 2227; x_wconf 92' lang='lat' dir='ltr'><strong>cum</strong></span> <span class='ocrx_word' id='word_1_283' title='bbox 334 2174 472 2239; x_wconf 84' lang='lat' dir='ltr'><strong>legislator</strong></span> <span class='ocrx_word' id='word_1_284' title='bbox 485 2173 547 2238; x_wconf 93' lang='lat' dir='ltr'><strong>plus</strong></span> <span class='ocrx_word' id='word_1_285' title='bbox 562 2173 681 2239; x_wconf 89' lang='lat' dir='ltr'><strong>scripsit,</strong></span> <span class='ocrx_word' id='word_1_286' title='bbox 699 2186 780 2238; x_wconf 87' lang='lat' dir='ltr'><strong>quam</strong></span> <span class='ocrx_word' id='word_1_287' title='bbox 794 2173 896 2224; x_wconf 87' lang='lat' dir='ltr'><strong>voluit:</strong></span> <span class='ocrx_word' id='word_1_288' title='bbox 913 2177 1065 2240; x_wconf 85' lang='lat' dir='ltr'><strong>exemplum</strong></span> <span class='ocrx_word' id='word_1_289' title='bbox 1080 2177 1130 2228; x_wconf 88' lang='lat' dir='ltr'><strong>ha·</strong></span> 
     </span>
     <span class='ocr_line' id='line_1_30' title="bbox 106 2244 1130 2310; baseline 0.004 -14"><span class='ocrx_word' id='word_1_290' title='bbox 106 2247 198 2299; x_wconf 89' lang='lat' dir='ltr'><strong>bamus</strong></span> <span class='ocrx_word' id='word_1_291' title='bbox 214 2249 243 2298; x_wconf 92' lang='lat' dir='ltr'><strong>in</strong></span> <span class='ocrx_word' id='word_1_292' title='bbox 258 2248 316 2310; x_wconf 77' lang='lat' dir='ltr'><strong>lege</strong></span> <span class='ocrx_word' id='word_1_293' title='bbox 330 2247 455 2304; x_wconf 86' lang='lat' dir='ltr'><strong>Romilia,</strong></span> <span class='ocrx_word' id='word_1_294' title='bbox 478 2259 530 2310; x_wconf 86' lang='lat' dir='ltr'><strong>qua</strong></span> <span class='ocrx_word' id='word_1_295' title='bbox 545 2245 631 2308; x_wconf 86' lang='lat' dir='ltr'><strong>capite</strong></span> <span class='ocrx_word' id='word_1_296' title='bbox 647 2244 825 2308; x_wconf 86' lang='lat' dir='ltr'><strong>plectebatur,</strong></span> <span class='ocrx_word' id='word_1_297' title='bbox 841 2247 887 2310; x_wconf 90' lang='lat' dir='ltr'><strong>qui</strong></span> <span class='ocrx_word' id='word_1_298' title='bbox 900 2248 1001 2298; x_wconf 87' lang='lat' dir='ltr'><strong>moenia</strong></span> <span class='ocrx_word' id='word_1_299' title='bbox 1014 2249 1130 2300; x_wconf 85' lang='lat' dir='ltr'><strong>civitatis</strong></span> 
     </span>
     <span class='ocr_line' id='line_1_31' title="bbox 107 2315 1131 2383; baseline 0.003 -16"><span class='ocrx_word' id='word_1_300' title='bbox 107 2319 323 2378; x_wconf 80' lang='lat' dir='ltr'><strong>conscendisset3</strong></span> <span class='ocrx_word' id='word_1_301' title='bbox 349 2329 413 2367; x_wconf 88' lang='lat' dir='ltr'><strong>nam</strong></span> <span class='ocrx_word' id='word_1_302' title='bbox 434 2330 497 2367; x_wconf 89' lang='lat' dir='ltr'><strong>reus</strong></span> <span class='ocrx_word' id='word_1_303' title='bbox 514 2316 542 2365; x_wconf 90' lang='lat' dir='ltr'><strong>in</strong></span> <span class='ocrx_word' id='word_1_304' title='bbox 566 2315 654 2380; x_wconf 82' lang='lat' dir='ltr'><strong>legem</strong></span> <span class='ocrx_word' id='word_1_305' title='bbox 669 2330 720 2366; x_wconf 89' lang='lat' dir='ltr'><strong>non</strong></span> <span class='ocrx_word' id='word_1_306' title='bbox 743 2315 904 2380; x_wconf 88' lang='lat' dir='ltr'><strong>habebatur,</strong></span> <span class='ocrx_word' id='word_1_307' title='bbox 920 2319 966 2383; x_wconf 90' lang='lat' dir='ltr'><strong>qui</strong></span> <span class='ocrx_word' id='word_1_308' title='bbox 981 2318 1008 2368; x_wconf 92' lang='lat' dir='ltr'><strong>id</strong></span> <span class='ocrx_word' id='word_1_309' title='bbox 1022 2319 1131 2370; x_wconf 86' lang='lat' dir='ltr'><strong>iecisset</strong></span> 
     </span>
     <span class='ocr_line' id='line_1_32' title="bbox 106 2385 1130 2453; baseline 0.004 -16"><span class='ocrx_word' id='word_1_310' title='bbox 106 2388 193 2441; x_wconf 89' lang='lat' dir='ltr'><strong>hostes</strong></span> <span class='ocrx_word' id='word_1_311' title='bbox 208 2389 319 2440; x_wconf 90' lang='lat' dir='ltr'><strong>arcendi</strong></span> <span class='ocrx_word' id='word_1_312' title='bbox 333 2389 432 2452; x_wconf 85' lang='lat' dir='ltr'><strong>gratia:</strong></span> <span class='ocrx_word' id='word_1_313' title='bbox 451 2390 477 2437; x_wconf 89' lang='lat' dir='ltr'><strong>et</strong></span> <span class='ocrx_word' id='word_1_314' title='bbox 505 2385 578 2438; x_wconf 90' lang='lat' dir='ltr'><strong>aliud</strong></span> <span class='ocrx_word' id='word_1_315' title='bbox 604 2386 761 2453; x_wconf 86' lang='lat' dir='ltr'><strong>exemplum</strong></span> <span class='ocrx_word' id='word_1_316' title='bbox 783 2386 915 2438; x_wconf 90' lang='lat' dir='ltr'><strong>habemus</strong></span> <span class='ocrx_word' id='word_1_317' title='bbox 937 2389 966 2438; x_wconf 89' lang='lat' dir='ltr'><strong>in</strong></span> <span class='ocrx_word' id='word_1_318' title='bbox 988 2390 1130 2441; x_wconf 86' lang='lat' dir='ltr'><strong>interdicto</strong></span> 
     </span>
     <span class='ocr_line' id='line_1_33' title="bbox 105 2458 1131 2524; baseline 0.002 -14"><span class='ocrx_word' id='word_1_319' title='bbox 105 2460 163 2512; x_wconf 88' lang='lat' dir='ltr'><strong>dato</strong></span> <span class='ocrx_word' id='word_1_320' title='bbox 176 2465 271 2512; x_wconf 87' lang='lat' dir='ltr'><strong>contra</strong></span> <span class='ocrx_word' id='word_1_321' title='bbox 294 2460 433 2524; x_wconf 89' lang='lat' dir='ltr'><strong>populum,</strong></span> <span class='ocrx_word' id='word_1_322' title='bbox 449 2459 477 2508; x_wconf 94' lang='lat' dir='ltr'><strong>in</strong></span> <span class='ocrx_word' id='word_1_323' title='bbox 500 2472 552 2523; x_wconf 90' lang='lat' dir='ltr'><strong>quc</strong></span> <span class='ocrx_word' id='word_1_324' title='bbox 570 2458 659 2508; x_wconf 90' lang='lat' dir='ltr'><strong>clerus</strong></span> <span class='ocrx_word' id='word_1_325' title='bbox 674 2471 731 2507; x_wconf 90' lang='lat' dir='ltr'><strong>non</strong></span> <span class='ocrx_word' id='word_1_326' title='bbox 755 2459 998 2522; x_wconf 86' lang='lat' dir='ltr'><strong>comprehenditur.</strong></span> <span class='ocrx_word' id='word_1_327' title='bbox 1013 2461 1088 2524; x_wconf 87' lang='lat' dir='ltr'><strong>llaec,</strong></span> <span class='ocrx_word' id='word_1_328' title='bbox 1103 2465 1131 2512; x_wconf 92' lang='lat' dir='ltr'><strong>et</strong></span> 
     </span>
     <span class='ocr_line' id='line_1_34' title="bbox 107 2528 1130 2596; baseline 0 -14"><span class='ocrx_word' id='word_1_329' title='bbox 107 2533 260 2596; x_wconf 70' lang='lat' dir='ltr'><strong>precedens</strong></span> <span class='ocrx_word' id='word_1_330' title='bbox 280 2532 374 2595; x_wconf 80' lang='lat' dir='ltr'><strong>regula</strong></span> <span class='ocrx_word' id='word_1_331' title='bbox 397 2530 512 2580; x_wconf 87' lang='lat' dir='ltr'><strong>admittit</strong></span> <span class='ocrx_word' id='word_1_332' title='bbox 533 2528 713 2594; x_wconf 80' lang='lat' dir='ltr'><strong>quaestionem</strong></span> <span class='ocrx_word' id='word_1_333' title='bbox 733 2528 888 2588; x_wconf 89' lang='lat' dir='ltr'><strong>voluntatis,</strong></span> <span class='ocrx_word' id='word_1_334' title='bbox 903 2534 929 2580; x_wconf 90' lang='lat' dir='ltr'><strong>et</strong></span> <span class='ocrx_word' id='word_1_335' title='bbox 950 2531 1072 2582; x_wconf 90' lang='lat' dir='ltr'><strong>innititur</strong></span> <span class='ocrx_word' id='word_1_336' title='bbox 1090 2532 1130 2582; x_wconf 91' lang='lat' dir='ltr'><strong>illi</strong></span> 
     </span>
     <span class='ocr_line' id='line_1_35' title="bbox 107 2600 1129 2670; baseline 0.001 -17"><span class='ocrx_word' id='word_1_337' title='bbox 107 2604 235 2668; x_wconf 86' lang='lat' dir='ltr'><strong>principio</strong></span> <span class='ocrx_word' id='word_1_338' title='bbox 252 2623 258 2652; x_wconf 90' lang='lat'>:</span> <span class='ocrx_word' id='word_1_339' title='bbox 276 2601 345 2654; x_wconf 80' lang='lat' dir='ltr'><strong>Odia</strong></span> <span class='ocrx_word' id='word_1_340' title='bbox 361 2601 498 2666; x_wconf 76' lang='lat' dir='ltr'><strong>restrinpt,</strong></span> <span class='ocrx_word' id='word_1_341' title='bbox 513 2603 537 2652; x_wconf 84' lang='lat' dir='ltr'><strong>ct</strong></span> <span class='ocrx_word' id='word_1_342' title='bbox 558 2601 664 2665; x_wconf 83' lang='lat' dir='ltr'><strong>faceres</strong></span> <span class='ocrx_word' id='word_1_343' title='bbox 679 2600 801 2652; x_wconf 80' lang='lat' dir='ltr'><strong>conuenit</strong></span> <span class='ocrx_word' id='word_1_344' title='bbox 816 2601 955 2666; x_wconf 73' lang='lat' dir='ltr'><strong>ampliari.</strong></span> <span class='ocrx_word' id='word_1_345' title='bbox 969 2629 999 2640; x_wconf 93' lang='lat'>—</span> <span class='ocrx_word' id='word_1_346' title='bbox 1015 2604 1047 2666; x_wconf 77' lang='lat' dir='ltr'><strong>(lt</strong></span> <span class='ocrx_word' id='word_1_347' title='bbox 1064 2604 1129 2670; x_wconf 82' lang='lat' dir='ltr'><strong>Epi-</strong></span> 
     </span>
    </p>
   </div>
   <div class='ocr_carea' id='block_1_3' title="bbox 105 2671 1236 2883">
    <p class='ocr_par' dir='ltr' id='par_1_3' title="bbox 105 2671 1236 2883">
     <span class='ocr_line' id='line_1_36' title="bbox 106 2671 1236 2738; baseline 0.001 -14"><span class='ocrx_word' id='word_1_348' title='bbox 106 2675 177 2726; x_wconf 87' lang='lat' dir='ltr'><strong>cbaia</strong></span> <span class='ocrx_word' id='word_1_349' title='bbox 190 2679 232 2726; x_wconf 89' lang='lat' dir='ltr'><strong>est</strong></span> <span class='ocrx_word' id='word_1_350' title='bbox 244 2674 364 2738; x_wconf 86' lang='lat' dir='ltr'><strong>exceptio</strong></span> <span class='ocrx_word' id='word_1_351' title='bbox 377 2686 456 2724; x_wconf 90' lang='lat' dir='ltr'><strong>casus</strong></span> <span class='ocrx_word' id='word_1_352' title='bbox 470 2686 486 2722; x_wconf 91' lang='lat' dir='ltr'><strong>a</strong></span> <span class='ocrx_word' id='word_1_353' title='bbox 501 2671 569 2736; x_wconf 84' lang='lat' dir='ltr'><strong>legis</strong></span> <span class='ocrx_word' id='word_1_354' title='bbox 583 2671 751 2734; x_wconf 83' lang='lat' dir='ltr'><strong>obligatione</strong></span> <span class='ocrx_word' id='word_1_355' title='bbox 763 2671 797 2722; x_wconf 93' lang='lat' dir='ltr'><strong>ob</strong></span> <span class='ocrx_word' id='word_1_356' title='bbox 812 2672 942 2736; x_wconf 88' lang='lat' dir='ltr'><strong>quasdam</strong></span> <span class='ocrx_word' id='word_1_357' title='bbox 957 2674 1131 2726; x_wconf 90' lang='lat' dir='ltr'><strong>circumstan·</strong></span> <span class='ocrx_word' id='word_1_358' title='bbox 1235 2707 1236 2710; x_wconf 58' lang='lat'><em>=</em></span> 
     </span>
     <span class='ocr_line' id='line_1_37' title="bbox 106 2741 1235 2812; baseline 0.003 -18"><span class='ocrx_word' id='word_1_359' title='bbox 106 2745 161 2811; x_wconf 82' lang='lat' dir='ltr'><strong>tias,</strong></span> <span class='ocrx_word' id='word_1_360' title='bbox 176 2761 210 2797; x_wconf 86' lang='lat' dir='ltr'><strong>ex</strong></span> <span class='ocrx_word' id='word_1_361' title='bbox 225 2745 416 2810; x_wconf 86' lang='lat' dir='ltr'><strong>quibuscerto,</strong></span> <span class='ocrx_word' id='word_1_362' title='bbox 428 2745 471 2794; x_wconf 90' lang='lat' dir='ltr'><strong>vel</strong></span> <span class='ocrx_word' id='word_1_363' title='bbox 482 2744 576 2794; x_wconf 89' lang='lat' dir='ltr'><strong>saltem</strong></span> <span class='ocrx_word' id='word_1_364' title='bbox 594 2741 777 2807; x_wconf 87' lang='lat' dir='ltr'><strong>probabiliter</strong></span> <span class='ocrx_word' id='word_1_365' title='bbox 788 2743 935 2807; x_wconf 89' lang='lat' dir='ltr'><strong>judicetur,</strong></span> <span class='ocrx_word' id='word_1_366' title='bbox 950 2746 1130 2812; x_wconf 88' lang='lat' dir='ltr'><strong>legislatorem</strong></span> <span class='ocrx_word' id='word_1_367' title='bbox 1233 2757 1235 2782; x_wconf 73' lang='lat'><em>³</em></span> 
     </span>
     <span class='ocr_line' id='line_1_38' title="bbox 105 2812 1234 2883; baseline 0.004 -19"><span class='ocrx_word' id='word_1_368' title='bbox 105 2819 220 2868; x_wconf 87' lang='lat' dir='ltr'><strong>noluisse</strong></span> <span class='ocrx_word' id='word_1_369' title='bbox 235 2817 312 2866; x_wconf 91' lang='lat' dir='ltr'><strong>illum</strong></span> <span class='ocrx_word' id='word_1_370' title='bbox 326 2829 418 2866; x_wconf 88' lang='lat' dir='ltr'><strong>casum</strong></span> <span class='ocrx_word' id='word_1_371' title='bbox 428 2815 479 2866; x_wconf 89' lang='lat' dir='ltr'><strong>sub</strong></span> <span class='ocrx_word' id='word_1_372' title='bbox 494 2815 552 2878; x_wconf 82' lang='lat' dir='ltr'><strong>lege</strong></span> <span class='ocrx_word' id='word_1_373' title='bbox 567 2812 808 2879; x_wconf 86' lang='lat' dir='ltr'><strong>comprehendere,</strong></span> <span class='ocrx_word' id='word_1_374' title='bbox 819 2819 845 2866; x_wconf 90' lang='lat' dir='ltr'><strong>et</strong></span> <span class='ocrx_word' id='word_1_375' title='bbox 859 2815 940 2868; x_wconf 89' lang='lat' dir='ltr'><strong>babet</strong></span> <span class='ocrx_word' id='word_1_376' title='bbox 950 2817 1048 2881; x_wconf 90' lang='lat' dir='ltr'><strong>locum,</strong></span> <span class='ocrx_word' id='word_1_377' title='bbox 1063 2832 1130 2883; x_wconf 86' lang='lat' dir='ltr'><strong>quo-</strong></span> <span class='ocrx_word' id='word_1_378' title='bbox 1233 2821 1234 2826; x_wconf 78' lang='grc'>’</span> 
     </span>
    </p>
   </div>
   <div class='ocr_carea' id='block_1_4' title="bbox 105 2885 1134 3463">
    <p class='ocr_par' dir='ltr' id='par_1_4' title="bbox 105 2885 1134 3463">
     <span class='ocr_line' id='line_1_39' title="bbox 105 2885 1131 2949; baseline 0.006 -14"><span class='ocrx_word' id='word_1_379' title='bbox 105 2889 150 2940; x_wconf 88' lang='lat' dir='ltr'><strong>ties</strong></span> <span class='ocrx_word' id='word_1_380' title='bbox 164 2889 209 2939; x_wconf 84' lang='lat' dir='ltr'><strong>lex</strong></span> <span class='ocrx_word' id='word_1_381' title='bbox 221 2887 380 2938; x_wconf 88' lang='lat' dir='ltr'><strong>redderetur</strong></span> <span class='ocrx_word' id='word_1_382' title='bbox 396 2887 499 2949; x_wconf 89' lang='lat' dir='ltr'><strong>nociva,</strong></span> <span class='ocrx_word' id='word_1_383' title='bbox 514 2888 561 2936; x_wconf 90' lang='lat' dir='ltr'><strong>aut</strong></span> <span class='ocrx_word' id='word_1_384' title='bbox 574 2885 653 2936; x_wconf 85' lang='lat' dir='ltr'><strong>valde</strong></span> <span class='ocrx_word' id='word_1_385' title='bbox 670 2897 793 2949; x_wconf 86' lang='lat' dir='ltr'><strong>onerose,</strong></span> <span class='ocrx_word' id='word_1_386' title='bbox 807 2891 834 2938; x_wconf 88' lang='lat' dir='ltr'><strong>et</strong></span> <span class='ocrx_word' id='word_1_387' title='bbox 845 2888 989 2940; x_wconf 88' lang='lat' dir='ltr'><strong>observatu</strong></span> <span class='ocrx_word' id='word_1_388' title='bbox 1003 2889 1131 2942; x_wconf 83' lang='lat' dir='ltr'><strong>difficilis.</strong></span> 
     </span>
     <span class='ocr_line' id='line_1_40' title="bbox 105 2955 1132 3023; baseline 0.003 -13"><span class='ocrx_word' id='word_1_389' title='bbox 105 2960 128 3010; x_wconf 87' lang='lat' dir='ltr'><strong>S.</strong></span> <span class='ocrx_word' id='word_1_390' title='bbox 146 2961 185 3012; x_wconf 87' lang='lat' dir='ltr'><strong>De</strong></span> <span class='ocrx_word' id='word_1_391' title='bbox 201 2960 307 3023; x_wconf 82' lang='lat' dir='ltr'><strong>Ligurio</strong></span> <span class='ocrx_word' id='word_1_392' title='bbox 321 2959 399 3008; x_wconf 89' lang='lat' dir='ltr'><strong>Hom.</strong></span> <span class='ocrx_word' id='word_1_393' title='bbox 414 2959 509 3022; x_wconf 85' lang='lat' dir='ltr'><strong>Apost.</strong></span> <span class='ocrx_word' id='word_1_394' title='bbox 526 2959 602 3008; x_wconf 86' lang='lat' dir='ltr'><strong>tract.</strong></span> <span class='ocrx_word' id='word_1_395' title='bbox 618 2957 642 3015; x_wconf 75' lang='lat' dir='ltr'><strong>i,</strong></span> <span class='ocrx_word' id='word_1_396' title='bbox 658 2971 687 3006; x_wconf 92' lang='lat' dir='ltr'><strong>n.</strong></span> <span class='ocrx_word' id='word_1_397' title='bbox 707 2955 747 3006; x_wconf 84' lang='lat' dir='ltr'><strong>ii.</strong></span> <span class='ocrx_word' id='word_1_398' title='bbox 762 2983 793 2994; x_wconf 94' lang='lat'>—</span> <span class='ocrx_word' id='word_1_399' title='bbox 808 2959 842 3023; x_wconf 78' lang='lat'><strong>(5)</strong></span> <span class='ocrx_word' id='word_1_400' title='bbox 855 2960 914 3011; x_wconf 88' lang='lat' dir='ltr'><strong>Hac</strong></span> <span class='ocrx_word' id='word_1_401' title='bbox 926 2961 959 3012; x_wconf 91' lang='lat' dir='ltr'><strong>de</strong></span> <span class='ocrx_word' id='word_1_402' title='bbox 974 2975 1055 3013; x_wconf 87' lang='lat' dir='ltr'><strong>causa</strong></span> <span class='ocrx_word' id='word_1_403' title='bbox 1069 2975 1132 3013; x_wconf 90' lang='lat' dir='ltr'><strong>con·</strong></span> 
     </span>
     <span class='ocr_line' id='line_1_41' title="bbox 106 3028 1131 3098; baseline 0.004 -18"><span class='ocrx_word' id='word_1_404' title='bbox 106 3032 193 3082; x_wconf 91' lang='lat' dir='ltr'><strong>cilium</strong></span> <span class='ocrx_word' id='word_1_405' title='bbox 208 3030 396 3080; x_wconf 72' lang='lat' dir='ltr'><strong>Tridentinum</strong></span> <span class='ocrx_word' id='word_1_406' title='bbox 407 3029 520 3094; x_wconf 82' lang='lat' dir='ltr'><strong>derogat</strong></span> <span class='ocrx_word' id='word_1_407' title='bbox 536 3028 644 3093; x_wconf 81' lang='lat' dir='ltr'><strong>legibus</strong></span> <span class='ocrx_word' id='word_1_408' title='bbox 661 3029 804 3080; x_wconf 88' lang='lat' dir='ltr'><strong>contrariis</strong></span> <span class='ocrx_word' id='word_1_409' title='bbox 818 3031 846 3081; x_wconf 91' lang='lat' dir='ltr'><strong>in</strong></span> <span class='ocrx_word' id='word_1_410' title='bbox 856 3031 965 3097; x_wconf 81' lang='lat' dir='ltr'><strong>&#39;corpore</strong></span> <span class='ocrx_word' id='word_1_411' title='bbox 974 3035 1047 3098; x_wconf 85' lang='lat' dir='ltr'><strong>juris</strong></span> <span class='ocrx_word' id='word_1_412' title='bbox 1060 3047 1131 3085; x_wconf 90' lang='lat' dir='ltr'><strong>com·</strong></span> 
     </span>
     <span class='ocr_line' id='line_1_42' title="bbox 106 3099 1132 3172; baseline 0.006 -19"><span class='ocrx_word' id='word_1_413' title='bbox 106 3101 481 3166; x_wconf 78' lang='lat' dir='ltr'><strong>prehensis;Extravagantes</strong></span> <span class='ocrx_word' id='word_1_414' title='bbox 491 3100 623 3164; x_wconf 84' lang='lat' dir='ltr'><strong>derogant</strong></span> <span class='ocrx_word' id='word_1_415' title='bbox 634 3099 811 3154; x_wconf 78' lang='lat' dir='ltr'><strong>clementinis</strong></span> <span class='ocrx_word' id='word_1_416' title='bbox 825 3107 852 3155; x_wconf 90' lang='lat' dir='ltr'><strong>et</strong></span> <span class='ocrx_word' id='word_1_417' title='bbox 861 3103 903 3156; x_wconf 77' lang='lat' dir='ltr'><strong>hae</strong></span> <span class='ocrx_word' id='word_1_418' title='bbox 911 3107 1017 3172; x_wconf 89' lang='lat' dir='ltr'><strong>utrique</strong></span> <span class='ocrx_word' id='word_1_419' title='bbox 1031 3105 1132 3160; x_wconf 85' lang='lat' dir='ltr'><strong>Decre-</strong></span> 
     </span>
     <span class='ocr_line' id='line_1_43' title="bbox 105 3170 1133 3242; baseline 0.005 -18"><span class='ocrx_word' id='word_1_420' title='bbox 105 3174 197 3225; x_wconf 86' lang='lat' dir='ltr'><strong>talium</strong></span> <span class='ocrx_word' id='word_1_421' title='bbox 211 3173 307 3224; x_wconf 85' lang='lat' dir='ltr'><strong>codici.</strong></span> <span class='ocrx_word' id='word_1_422' title='bbox 321 3199 351 3210; x_wconf 90' lang='lat'><em>-</em></span> <span class='ocrx_word' id='word_1_423' title='bbox 365 3173 400 3237; x_wconf 84' lang='lat'><strong>(6)</strong></span> <span class='ocrx_word' id='word_1_424' title='bbox 414 3172 445 3222; x_wconf 85' lang='lat' dir='ltr'><strong>L.</strong></span> <span class='ocrx_word' id='word_1_425' title='bbox 469 3170 510 3231; x_wconf 70' lang='lat'><strong>25,</strong></span> <span class='ocrx_word' id='word_1_426' title='bbox 525 3170 553 3221; x_wconf 81' lang='lat' dir='ltr'><strong>u.</strong></span> <span class='ocrx_word' id='word_1_427' title='bbox 577 3170 610 3222; x_wconf 93' lang='lat' dir='ltr'><strong>de</strong></span> <span class='ocrx_word' id='word_1_428' title='bbox 633 3171 714 3236; x_wconf 82' lang='lat' dir='ltr'><strong>legat.</strong></span> <span class='ocrx_word' id='word_1_429' title='bbox 734 3173 760 3224; x_wconf 82' lang='grc'><strong>3.</strong></span> <span class='ocrx_word' id='word_1_430' title='bbox 776 3201 806 3212; x_wconf 90' lang='lat'><em>-</em></span> <span class='ocrx_word' id='word_1_431' title='bbox 822 3177 857 3241; x_wconf 89' lang='lat'><strong>(7)</strong></span> <span class='ocrx_word' id='word_1_432' title='bbox 878 3178 1033 3242; x_wconf 87' lang='lat' dir='ltr'><strong>Propterea,</strong></span> <span class='ocrx_word' id='word_1_433' title='bbox 1046 3183 1078 3230; x_wconf 92' lang='lat' dir='ltr'><strong>ut</strong></span> <span class='ocrx_word' id='word_1_434' title='bbox 1096 3181 1133 3232; x_wconf 89' lang='lat' dir='ltr'><strong>ait</strong></span> 
     </span>
     <span class='ocr_line' id='line_1_44' title="bbox 106 3247 1132 3324; baseline 0.008 -22"><span class='ocrx_word' id='word_1_435' title='bbox 106 3250 206 3313; x_wconf 81' lang='lat' dir='ltr'><strong>Celsus,</strong></span> <span class='ocrx_word' id='word_1_436' title='bbox 224 3247 291 3300; x_wconf 80' lang='lat' dir='ltr'><strong>scire</strong></span> <span class='ocrx_word' id='word_1_437' title='bbox 308 3247 373 3312; x_wconf 80' lang='lat' dir='ltr'><strong>lopas</strong></span> <span class='ocrx_word' id='word_1_438' title='bbox 385 3261 441 3300; x_wconf 79' lang='lat' dir='ltr'><strong>noc</strong></span> <span class='ocrx_word' id='word_1_439' title='bbox 454 3253 491 3301; x_wconf 85' lang='lat' dir='ltr'><strong>cst</strong></span> <span class='ocrx_word' id='word_1_440' title='bbox 507 3247 565 3312; x_wconf 86' lang='lat' dir='ltr'><strong>boc,</strong></span> <span class='ocrx_word' id='word_1_441' title='bbox 581 3247 663 3300; x_wconf 84' lang='lat' dir='ltr'><strong>verba</strong></span> <span class='ocrx_word' id='word_1_442' title='bbox 674 3261 769 3302; x_wconf 82' lang='lat' dir='ltr'><strong>eorum</strong></span> <span class='ocrx_word' id='word_1_443' title='bbox 781 3253 878 3315; x_wconf 77' lang='lat' dir='ltr'><strong>tenore,</strong></span> <span class='ocrx_word' id='word_1_444' title='bbox 892 3253 937 3306; x_wconf 80' lang='lat' dir='ltr'><strong>sed</strong></span> <span class='ocrx_word' id='word_1_445' title='bbox 952 3255 1005 3308; x_wconf 84' lang='lat' dir='ltr'><strong>cim</strong></span> <span class='ocrx_word' id='word_1_446' title='bbox 1018 3260 1042 3310; x_wconf 85' lang='lat' dir='ltr'><strong>et</strong></span> <span class='ocrx_word' id='word_1_447' title='bbox 1057 3262 1132 3324; x_wconf 84' lang='lat' dir='ltr'><strong>pote-</strong></span> 
     </span>
     <span class='ocr_line' id='line_1_45' title="bbox 105 3319 1132 3392; baseline 0.006 -18"><span class='ocrx_word' id='word_1_448' title='bbox 105 3325 208 3374; x_wconf 81' lang='lat' dir='ltr'><strong>statem.</strong></span> <span class='ocrx_word' id='word_1_449' title='bbox 224 3321 254 3370; x_wconf 87' lang='lat' dir='ltr'><strong>L.</strong></span> <span class='ocrx_word' id='word_1_450' title='bbox 271 3320 309 3380; x_wconf 81' lang='lat'><strong>17,</strong></span> <span class='ocrx_word' id='word_1_451' title='bbox 323 3319 350 3370; x_wconf 85' lang='lat' dir='ltr'><strong>tl.</strong></span> <span class='ocrx_word' id='word_1_452' title='bbox 367 3319 401 3371; x_wconf 91' lang='lat' dir='ltr'><strong>de</strong></span> <span class='ocrx_word' id='word_1_453' title='bbox 422 3319 475 3384; x_wconf 85' lang='lat' dir='ltr'><strong>lag.</strong></span> <span class='ocrx_word' id='word_1_454' title='bbox 496 3319 609 3380; x_wconf 84' lang='lat' dir='ltr'><strong>Quaado</strong></span> <span class='ocrx_word' id='word_1_455' title='bbox 626 3323 720 3371; x_wconf 89' lang='lat' dir='ltr'><strong>autem</strong></span> <span class='ocrx_word' id='word_1_456' title='bbox 735 3322 778 3372; x_wconf 86' lang='lat' dir='ltr'><strong>lex</strong></span> <span class='ocrx_word' id='word_1_457' title='bbox 794 3336 858 3374; x_wconf 89' lang='lat' dir='ltr'><strong>vera</strong></span> <span class='ocrx_word' id='word_1_458' title='bbox 879 3329 920 3376; x_wconf 88' lang='lat' dir='ltr'><strong>est</strong></span> <span class='ocrx_word' id='word_1_459' title='bbox 938 3327 1030 3392; x_wconf 87' lang='lat' dir='ltr'><strong>dubia,</strong></span> <span class='ocrx_word' id='word_1_460' title='bbox 1051 3329 1132 3380; x_wconf 89' lang='lat' dir='ltr'><strong>inter·</strong></span> 
     </span>
     <span class='ocr_line' id='line_1_46' title="bbox 106 3391 1134 3463; baseline -0.001 -19"><span class='ocrx_word' id='word_1_461' title='bbox 106 3395 217 3458; x_wconf 85' lang='lat' dir='ltr'><strong>pretatio</strong></span> <span class='ocrx_word' id='word_1_462' title='bbox 235 3391 361 3453; x_wconf 87' lang='lat' dir='ltr'><strong>sumitur,</strong></span> <span class='ocrx_word' id='word_1_463' title='bbox 376 3395 473 3441; x_wconf 89' lang='lat' dir='ltr'><strong>utnon</strong></span> <span class='ocrx_word' id='word_1_464' title='bbox 487 3392 589 3454; x_wconf 82' lang='lat' dir='ltr'><strong>obliget</strong></span> <span class='ocrx_word' id='word_1_465' title='bbox 603 3411 609 3442; x_wconf 76' lang='grc' dir='ltr'>ι</span> <span class='ocrx_word' id='word_1_466' title='bbox 626 3391 664 3442; x_wconf 89' lang='lat' dir='ltr'><strong>ite</strong></span> <span class='ocrx_word' id='word_1_467' title='bbox 675 3391 709 3441; x_wconf 90' lang='lat' dir='ltr'><strong>ad</strong></span> <span class='ocrx_word' id='word_1_468' title='bbox 729 3406 785 3443; x_wconf 87' lang='lat' dir='ltr'><strong>rem</strong></span> <span class='ocrx_word' id='word_1_469' title='bbox 802 3393 828 3442; x_wconf 87' lang='lat' dir='ltr'><strong>S.</strong></span> <span class='ocrx_word' id='word_1_470' title='bbox 843 3396 883 3446; x_wconf 89' lang='lat' dir='ltr'><strong>De</strong></span> <span class='ocrx_word' id='word_1_471' title='bbox 897 3397 1011 3463; x_wconf 77' lang='lat' dir='ltr'><strong>Ligurio,</strong></span> <span class='ocrx_word' id='word_1_472' title='bbox 1028 3421 1041 3444; x_wconf 65' lang='grc' dir='ltr'>α</span> <span class='ocrx_word' id='word_1_473' title='bbox 1052 3401 1079 3452; x_wconf 84' lang='lat' dir='ltr'><strong>Si</strong></span> <span class='ocrx_word' id='word_1_474' title='bbox 1090 3401 1134 3452; x_wconf 64' lang='lat' dir='ltr'><strong>lex</strong></span> 
     </span>
    </p>
   </div>
   <div class='ocr_carea' id='block_1_5' title="bbox 2 3461 1135 3608">
    <p class='ocr_par' dir='ltr' id='par_1_5' title="bbox 2 3461 1135 3608">
     <span class='ocr_line' id='line_1_47' title="bbox 107 3461 1135 3536; baseline 0.013 -26"><span class='ocrx_word' id='word_1_475' title='bbox 107 3485 118 3510; x_wconf 71' lang='lat' dir='ltr'><strong>a</strong></span> <span class='ocrx_word' id='word_1_476' title='bbox 134 3469 175 3515; x_wconf 86' lang='lat' dir='ltr'><strong>est</strong></span> <span class='ocrx_word' id='word_1_477' title='bbox 187 3463 270 3514; x_wconf 92' lang='lat' dir='ltr'><strong>dubie</strong></span> <span class='ocrx_word' id='word_1_478' title='bbox 284 3463 400 3526; x_wconf 87' lang='lat' dir='ltr'><strong>condita,</strong></span> <span class='ocrx_word' id='word_1_479' title='bbox 414 3463 458 3513; x_wconf 85' lang='lat' dir='ltr'><strong>vel</strong></span> <span class='ocrx_word' id='word_1_480' title='bbox 472 3461 556 3513; x_wconf 88' lang='lat' dir='ltr'><strong>dubie</strong></span> <span class='ocrx_word' id='word_1_481' title='bbox 571 3462 754 3527; x_wconf 77' lang='lat' dir='ltr'><strong>promulgate,</strong></span> <span class='ocrx_word' id='word_1_482' title='bbox 765 3477 819 3514; x_wconf 92' lang='lat' dir='ltr'><strong>non</strong></span> <span class='ocrx_word' id='word_1_483' title='bbox 829 3465 939 3532; x_wconf 75' lang='lat' dir='ltr'><strong>obligat,</strong></span> <span class='ocrx_word' id='word_1_484' title='bbox 954 3472 1018 3536; x_wconf 89' lang='lat' dir='ltr'><strong>quia</strong></span> <span class='ocrx_word' id='word_1_485' title='bbox 1030 3485 1135 3536; x_wconf 89' lang='lat' dir='ltr'><strong>posses·</strong></span> 
     </span>
     <span class='ocr_line' id='line_1_48' title="bbox 2 3534 1132 3608; baseline 0.005 -20"><span class='ocrx_word' id='word_1_486' title='bbox 2 3556 3 3561; x_wconf 44' lang='lat'>¹</span> <span class='ocrx_word' id='word_1_487' title='bbox 107 3553 119 3581; x_wconf 77' lang='lat' dir='ltr'><strong>r</strong></span> <span class='ocrx_word' id='word_1_488' title='bbox 135 3536 174 3587; x_wconf 91' lang='lat' dir='ltr'><strong>sio</strong></span> <span class='ocrx_word' id='word_1_489' title='bbox 186 3549 242 3588; x_wconf 89' lang='lat' dir='ltr'><strong>non</strong></span> <span class='ocrx_word' id='word_1_490' title='bbox 255 3538 309 3586; x_wconf 87' lang='lat' dir='ltr'><strong>stat</strong></span> <span class='ocrx_word' id='word_1_491' title='bbox 321 3547 369 3600; x_wconf 90' lang='lat' dir='ltr'><strong>pro</strong></span> <span class='ocrx_word' id='word_1_492' title='bbox 384 3534 454 3600; x_wconf 86' lang='lat' dir='ltr'><strong>ipso,</strong></span> <span class='ocrx_word' id='word_1_493' title='bbox 470 3534 517 3586; x_wconf 92' lang='lat' dir='ltr'><strong>sed</strong></span> <span class='ocrx_word' id='word_1_494' title='bbox 533 3547 584 3600; x_wconf 88' lang='lat' dir='ltr'><strong>pro</strong></span> <span class='ocrx_word' id='word_1_495' title='bbox 601 3534 738 3587; x_wconf 85' lang='lat' dir='ltr'><strong>libertate.</strong></span> <span class='ocrx_word' id='word_1_496' title='bbox 752 3534 828 3588; x_wconf 87' lang='lat' dir='ltr'><strong>idem</strong></span> <span class='ocrx_word' id='word_1_497' title='bbox 843 3537 1030 3608; x_wconf 75' lang='lat' dir='ltr'><strong>dicendumst</strong></span> <span class='ocrx_word' id='word_1_498' title='bbox 1052 3543 1132 3595; x_wconf 91' lang='lat' dir='ltr'><strong>dubi·</strong></span> 
     </span>
    </p>
   </div>
   <div class='ocr_carea' id='block_1_6' title="bbox 0 0 1266 4088">
    <p class='ocr_par' dir='ltr' id='par_1_6' title="bbox 0 0 1266 4088">
     <span class='ocr_line' id='line_1_49' title="bbox 0 0 1266 4088; baseline 0 0"><span class='ocrx_word' id='word_1_499' title='bbox 0 0 1266 4088; x_wconf 95' lang='lat' dir='ltr'><strong> </strong></span> 
     </span>
    </p>
   </div>
  </div>
 </body>
</html>
