2546 4082
190 327 227 392 (t)
239 324 314 379 tus.
328 335 398 378 m.
413 324 455 384 to,
468 337 493 378 u
510 323 549 386 ta.
564 325 599 378 ‹te
611 323 662 378 ret.
675 345 708 366 -α
726 327 761 392 pt
773 324 830 381 net
843 317 1180 382 comminuentes

159 397 234 450 xlv.
249 383 385 460 Dueilurd,
403 401 434 448 nt
453 397 492 448 ait
511 397 656 464 Zaitingen
675 403 809 464 repugnat
827 399 946 452 naturali
961 413 993 451 ao
1005 400 1093 450 divino
1107 413 1179 464 prn-

159 472 235 533 oepto
247 488 254 518 :
265 466 326 520 Non
334 467 449 529 aeeidcss
461 469 629 535 proindeque
641 469 717 520 obest
725 483 850 536 supremo
864 471 982 521 dominio
992 470 1041 522 Dei
1055 471 1081 522 iu
1089 471 1179 530 vitam,

157 544 326 605 mortemque
340 538 480 590 hominum
492 559 499 600 ;
513 540 591 591 obest
606 541 724 591 naturali
736 554 801 606 arga
814 555 844 592 se
857 541 956 607 ipsum,
971 545 998 592 et
1013 540 1079 592 aiios
1091 540 1178 592 chari-

158 611 223 662 tatis
236 615 390 676 praecepto:
415 611 493 662 obest
510 611 621 676 juribus
641 611 744 676 uxoris,
765 612 885 670 familiae,
899 611 1068 677 reipublicae,
1082 612 1180 676 quibus

158 681 311 734 dueliautes
320 683 444 734 adstricti
458 687 529 734 sunt.
545 683 605 734 Lib.
619 685 635 734 5
648 683 755 734 Deerat.
767 684 779 747 ἓ
798 685 851 734 171.
864 709 891 720 -
906 683 941 748 (3)
956 682 1016 733 Bul.
1032 682 1074 734 Ad
1086 681 1178 734 tatten-

160 751 235 816 dam,
248 758 275 806 et
288 753 346 804 bul.
359 751 523 806 Fimnume-
533 753 569 818 (t)
578 753 638 805 Bul.
652 752 729 806 Ittisu
738 755 806 806 uices
820 753 1046 806 Clementisvtii.
1058 751 1180 804 Giraidus

158 823 193 876 ad
207 837 266 889 cap.
283 825 321 885 ts,
334 824 452 876 sossii.
469 825 543 876 i‘rid.
559 825 592 876 de
607 824 657 876 rei.
668 825 726 876 Euo
740 826 774 876 de
789 840 818 876 re
833 824 1037 876 considerandas
1050 829 1111 875 sunt
1122 837 1180 888 pro·

158 896 305 961 positiones
328 909 345 947 a
367 895 395 946 S.
413 895 483 947 Sede
504 896 648 947 damnate.
672 896 714 948 Ab
732 896 886 947 Alexandro
904 897 977 947 enim
991 895 1044 946 vu
1057 895 1178 945 damnata

158 967 211 1018 fuit
223 967 369 1035 propositio
383 980 516 1032 sequens:
538 965 607 1019 Licet
627 966 687 1019 uiro
706 967 823 1034 eqrcestri
844 965 964 1019 dacium
984 968 1129 1032 acceptare,
1146 977 1177 1015 ne

159 1037 318 1094 timiditatis
329 1042 424 1092 natam
434 1037 508 1105 apud
521 1038 738 1092 aiiosinourrat.
749 1039 791 1090 Ab
802 1039 956 1090 Innocentio
969 1052 1033 1090 vero
1052 1037 1090 1088 XI
1103 1037 1176 1086 dam-

158 1115 222 1162 nata
235 1111 286 1162 tuit
302 1110 356 1162 aiis
369 1123 486 1176 sequens
501 1111 665 1175 propositio:
682 1107 750 1163 Licet
762 1108 917 1174 defensione
932 1109 1046 1172 ceruina
1059 1107 1097 1160 act
1115 1106 1178 1172 ipsis

158 1179 269 1245 derisis,
284 1183 310 1233 ct
323 1181 454 1247 retipiosis
469 1181 542 1234 tueri
556 1180 692 1245 honorem,
707 1181 773 1233 dum
790 1181 847 1233 utic
860 1180 1026 1234 destinanda
1041 1178 1178 1234 autumnis

158 1251 205 1306 nia
226 1265 282 1305 non
302 1257 435 1318 suppetat.
455 1253 570 1304 Domum
591 1253 753 1304 Benedictus
766 1251 833 1306 XIV
850 1253 1021 1304 damnatione
1038 1256 1178 1318 sequentes

159 1325 355 1390 propositiones
369 1324 485 1375 confixit.
504 1325 527 1373 t·
544 1323 590 1376 Vir
606 1323 746 1383 mititatis,
761 1323 808 1390 qui
827 1323 883 1376 nisi
893 1324 998 1389 effect,
1014 1324 1055 1376 vet
1066 1324 1180 1386 amentet

159 1393 286 1453 duettum.
298 1399 440 1461 tamquam
453 1393 651 1459 formidolosas,
667 1395 787 1455 timidus,
801 1395 927 1461 adjectus,
936 1398 961 1448 et
976 1394 1013 1448 ad
1026 1393 1115 1461 officia
1127 1392 1178 1444 mi-

158 1465 257 1520 titaria
271 1468 378 1531 ineptas
390 1465 543 1532 taceretur,
556 1468 597 1519 net
609 1467 786 1532 promotionis
802 1467 873 1519 ntias
885 1466 936 1518 sitii
950 1465 1052 1531 dedite,
1070 1479 1101 1518 nc
1117 1477 1179 1529 pro·

161 1537 265 1590 merite
277 1551 322 1603 spe
334 1541 464 1603 perpetuo
479 1551 570 1590 carere
583 1537 695 1598 deteret,
710 1537 790 1606 nctpa
802 1541 828 1591 et
837 1551 915 1604 pena
923 1541 1041 1600 vacaret,
1051 1537 1104 1589 siae
1118 1535 1181 1602 offc-

158 1612 214 1671 rat,
225 1609 281 1661 sine
294 1612 408 1674 acceptet
418 1608 544 1661 duettum.
558 1610 584 1660 2·
593 1607 725 1662 [tenuari
733 1613 841 1673 possum
855 1609 939 1661 etiam
955 1605 1063 1660 horwris
1079 1606 1180 1668 tuendi,

158 1680 200 1732 oet
221 1679 346 1732 humane
364 1679 549 1744 vilipensionis
569 1679 688 1734 vitanda
701 1680 802 1746 aratia,
818 1679 936 1732 desitum
954 1681 1126 1746 acceptantes,
1142 1677 1182 1729 vet

159 1749 196 1803 ad
208 1751 278 1804 titud
291 1755 474 1816 provocantes,
490 1752 599 1816 qnando
617 1755 688 1803 certo
704 1751 802 1814 sciunt,
817 1764 937 1815 pupnam
949 1765 1004 1804 non
1018 1765 1070 1803 esse
1087 1763 1182 1816 sequu-

159 1906 250 1960 pamas
263 1894 296 1944 ab
309 1891 426 1945 Ecclesia
439 1897 535 1945 contra
549 1892 697 1946 dnettantes
710 1893 782 1946 ictas
793 1893 863 1955 Duo,
878 1893 918 1944 vet
935 1891 1065 1960 officiatis
1077 1893 1182 1944 militia

159 1969 299 2030 asoeptam
312 1963 430 2016 dacium
444 1977 476 2016 ec
488 1963 568 2029 pram
587 1968 661 2016 metu
677 1964 831 2018 amissionis
848 1963 938 2030 sante,
951 1968 976 2016 ct
995 1964 1086 2030 affini.
1100 1964 1127 2014 t·
1138 1961 1179 2014 n·-

159 2035 244 2090 citam
259 2040 296 2090 ast
310 2036 340 2088 in
353 2038 427 2088 statu
442 2035 558 2086 hominis
570 2036 695 2088 naturali
704 2040 851 2100 aemulare,
868 2040 893 2088 et
908 2035 1004 2100 offerre
1018 2035 1137 2087 ductum
1147 2033 1182 2086 ad

158 2107 305 2160 sonandas
319 2121 381 2160 cam
392 2105 634 2172 homeritensem,
647 2107 755 2172 quando
770 2108 824 2159 atio
838 2107 954 2159 remedio
972 2109 1182 2172 eorumjacturc

158 2177 313 2245 propulsari
334 2179 436 2244 nequit.
451 2179 476 2228 5·
493 2177 603 2230 Asseria
621 2178 733 2232 tinentia
749 2192 798 2243 pro
814 2181 889 2231 statu
908 2177 1032 2230 natarali
1048 2176 1181 2244 appticari

159 2250 243 2304 cuam
264 2253 347 2314 potest
369 2251 455 2302 statas·
477 2249 597 2302 ciuitatis
615 2249 686 2301 mate
706 2248 843 2308 ordinato,
862 2249 894 2301 in
913 2263 965 2314 quo
984 2249 1126 2313 nintirum,
1141 2248 1181 2300 net

157 2319 267 2374 matitia
286 2320 473 2387 mapistratas,
487 2319 603 2386 justitio
625 2324 726 2386 aperto
742 2320 897 2388 demuntur.
919 2321 980 2374 Bui.
998 2323 1043 2374 cit.
1064 2321 1179 2374 Benedi-

158 2393 195 2446 cti
208 2392 275 2447 xlv
288 2391 483 2446 detestabilem.
538 2442 543 2454 ,

194 2611 257 2667 sto.
277 2607 420 2667 thartam
433 2607 525 2666 ioetus
541 2606 663 2666 anineti
683 2613 731 2666 cst
751 2605 977 2680 infanticidium,
998 2605 1079 2667 etsi·
1099 2607 1179 2666 itata

158 2695 332 2773 parentibus
347 2696 435 2758 etism
450 2695 598 2771 parricidii
612 2695 738 2772 speeies.
760 2695 958 2756 committitur
977 2698 1099 2772 quando
1113 2713 1177 2772 pcr-

159 2785 358 2858 cnssionibus‚
371 2784 505 2857 venenis,
520 2783 755 2858 medicamentis,
771 2783 954 2860 potionibus,
968 2784 1120 2860 oneribus,
1137 2786 1178 2844 ia-

157 2874 340 2949 boribusque
362 2872 479 2932 mulieri
501 2873 665 2948 praegnanti
680 2872 837 2948 impositis,
853 2880 904 2932 nut
918 2873 977 2932 alio
993 2885 1179 2950 qnoctuuque

157 2962 248 3022 modo
268 2964 359 3022 iaetus
382 2960 530 3020 immaturi
551 2962 588 3019 dc
613 2968 697 3021 utero
719 2961 823 3021 metris
842 2961 959 3038 ejectio,
975 2969 1026 3022 aut
1046 2963 1178 3024 subactio

156 3049 295 3111 miiitiose
308 3051 372 3110 sive
385 3051 416 3110 in
430 3067 472 3124 sc,
488 3051 551 3110 sive
574 3050 604 3108 in
623 3051 716 3111 altere
738 3058 925 3126 procuratur.
942 3052 1067 3122 Quando
1081 3059 1178 3113 antem

155 3141 246 3201 toetns
259 3141 297 3199 sit
311 3141 458 3200 animatus
472 3140 608 3198 absolute
623 3139 739 3199 deiiniri
754 3155 815 3199 non
831 3145 942 3215 putest3
959 3141 1013 3199 scd
1027 3140 1102 3201 iiind
1116 3159 1178 3202 eer-

45 1842 49 1851 ·
160 1827 268 1882 taram,
282 1825 375 1886 utpote
392 1821 426 1874 ab
441 1822 504 1874 aliis
517 1821 736 1887 impediendam.
754 1823 779 1873 3·
792 1820 853 1874 Non
864 1821 982 1874 incurrit
996 1822 1183 1875 ecclesiasticas
1266 1855 1267 1880 2

156 3238 220 3290 tum
233 3228 360 3304 videtur,
375 3245 432 3288 nec
447 3229 546 3289 statim
568 3235 638 3304 post
659 3235 839 3304 conceptum
857 3224 991 3302 animari,
1008 3230 1078 3289 lieet
1090 3232 1177 3306 picri-
1261 3305 1262 3310 ἵ

156 3329 215 3394 que
228 3319 287 3377 hoc
300 3318 457 3392 affirment,
473 3317 543 3394 quia
556 3318 594 3377 nd
608 3318 667 3377 hoa
681 3317 853 3393 requiritur,
868 3324 901 3377 ut
914 3319 1005 3377 foetus
1019 3319 1058 3378 sit
1070 3322 1176 3380 sorma-
1261 3377 1262 3384 ,

155 3413 215 3481 tue,
230 3405 542 3482 attiguramhominis
556 3405 698 3479 induerit3
714 3421 771 3466 nec
785 3423 822 3466 eo
838 3413 1105 3484 tantumtempure
1117 3410 1176 3470 ani-
1261 3397 1262 3442 ³

154 3493 246 3568 mari,
256 3507 327 3554 etun
344 3494 374 3553 in
389 3495 489 3554 luceru
501 3494 596 3569 veniit
614 3495 889 3556 namlnnoeentius
901 3495 948 3568 xt,
963 3495 1042 3556 hene
1056 3497 1179 3558 damna-¹

155 3583 198 3643 rit
210 3583 468 3660 propositionem:
489 3583 605 3646 Videtur
621 3583 777 3660 producite,
798 3601 917 3647 munus
934 3587 1051 3662 setium,
1074 3605 1176 3664 quam-

279 3820 290 3856 )
