2546 4082
535 223 697 279 -259-

121 353 189 407 est.
206 347 332 408 ttaeresis
346 349 386 419 (t)
403 353 445 407 est
457 363 541 406 error
555 344 746 406 voluntarios
766 343 931 406 intellectus
950 361 1019 405 cuna
1029 346 1121 422 perti-

70 437 359 512 naciucorp‘unctus
369 444 472 496 contro
482 435 616 512 aliquam
625 434 778 494 veritatem
789 434 856 508 fidei
871 435 1017 494 catholica
1031 435 1064 494 in
1078 451 1119 506 eo,

75 527 146 602 qui
152 526 243 602 fidem
251 526 375 601 suscepit
389 529 440 597 (f).
452 525 526 584 ilino
542 524 579 583 ad
594 522 731 582 haeresim
745 521 983 582 constituendam
997 524 1057 584 duo
1072 539 1120 584 re-

70 615 257 690 quiruntur,
272 630 357 672 error
373 612 514 672 nimirum
528 613 559 671 in
572 611 736 685 intellectu,
747 618 776 670 et
788 609 951 686 pertinacia
965 611 995 670 in
1010 614 1120 671 volun·

72 709 158 762 tate.
170 708 260 762 Error
274 702 304 760 in
318 702 474 761 intellectu
488 701 574 770 adest
587 699 676 760 etiam
693 700 724 757 in
743 716 791 773 eo,
807 698 858 774 qui
878 699 915 758 de
937 700 1035 774 aliquo
1048 700 1120 760 fidei

70 789 213 850 articulo
229 789 392 849 deliberate
410 788 534 862 dubitat,
545 789 614 865 qnia
627 787 736 847 dubius
748 787 777 845 in
792 787 851 846 fide
865 786 991 846 infidelis
1006 794 1051 846 est
1065 792 1117 861 (3).

69 878 251 956 Pertinacia
265 877 296 936 in
309 871 459 937 voluntate
475 894 536 936 non
551 878 636 936 adest
653 875 684 935 in
698 893 745 949 eo,
761 875 812 952 qui
828 875 897 936 licet
913 881 993 936 erret
1004 875 1034 934 in
1046 877 1116 952 fide,

70 975 132 1028 est
146 974 248 1028 tamen
262 965 372 1043 corrigi
387 973 508 1042 paratus
523 969 534 1037 (
554 972 574 1038 ).
1057 953 1064 972 ⁸

120 1056 249 1116 Haeresis
271 1055 408 1116 dividitur
429 1054 460 1114 in
480 1055 643 1126 internum,
661 1059 691 1114 et
705 1061 861 1114 cateruam
874 1074 884 1114 .·
906 1052 1033 1129 interna,
1049 1072 1116 1130 quae

69 1152 187 1206 mente
210 1144 364 1216 retinetur,
389 1159 446 1202 nec
465 1143 573 1215 verbis,
595 1143 752 1201 neclectis
767 1140 964 1218 exprimitur,
980 1148 1114 1218 externa,

70 1251 151 1310 quae
165 1238 266 1292 mente
286 1238 431 1307 concepta
444 1231 553 1304 verbis,
574 1237 624 1290 aut
642 1230 729 1289 factis
747 1231 893 1306 proditur.
911 1237 978 1291 llaec
991 1230 1116 1307 insuper

69 1321 281 1382 subdividitur
292 1321 322 1379 in
336 1320 491 1394 occultum,
509 1338 575 1396 quae
596 1319 735 1394 panditur
750 1319 871 1395 quidem
885 1319 986 1396 signis,
1001 1321 1115 1382 sedvel

70 1411 204 1470 nemine
217 1409 365 1481 audiente,
378 1411 427 1468 vel
441 1409 544 1484 paucis
556 1407 703 1480 consciis,
718 1413 748 1467 et
761 1410 964 1482 manifestum,
980 1426 1046 1483 qnae
1059 1427 1114 1484 pa·

68 1501 151 1571 lam,
166 1497 230 1556 sive
242 1498 360 1573 publice
372 1498 517 1574 proditur.
530 1498 613 1557 Unde
626 1497 711 1571 signa
722 1496 976 1569 manifestationis
992 1497 1017 1555 si
1029 1504 1113 1558 certa

70 1587 206 1648 omnino
236 1585 295 1646 sint
315 1594 346 1646 et
365 1585 496 1659 indubia,
517 1585 669 1645 hominem
693 1585 867 1644 haereticum
889 1585 1110 1660 demonstrant3

68 1677 100 1735 si
115 1693 192 1736 vero
206 1681 322 1734 tantum
341 1675 504 1751 probabilia
526 1681 555 1735 et
577 1673 801 1750 praesumptiva,
820 1673 858 1733 de
879 1674 986 1734 haeresi
1005 1691 1112 1750 suspe-

75 1773 168 1826 ctum
183 1765 320 1826 reddunt.
457 1763 459 1767 ’

106 1919 146 1982 (1)
161 1917 282 1970 Haeresis
303 1923 391 1982 grece
414 1919 449 1970 ab
471 1917 604 1970 electione
627 1917 736 1980 dicitur,
758 1915 829 1983 qnod
853 1917 956 1970 scilicet
974 1932 1034 1970 eam
1056 1919 1109 1972 sibi

68 1989 267 2054 unusquisque
288 1991 370 2054 eligat
384 1989 564 2054 disciplinam,
576 2003 656 2054 qnam
671 1991 748 2054 putat
761 2002 821 2040 esse
835 1989 974 2040 meliorem
995 2005 1053 2042 can.
1068 1992 1108 2052 27,

69 2075 96 2111 c.
114 2061 157 2123 24,
172 2075 197 2125 q.
214 2062 238 2110 3.
255 2060 334 2111 Unde
345 2063 370 2111 S.
387 2061 508 2111 Isidorus
522 2061 582 2112 haec
600 2061 682 2111 habet
693 2081 699 2110 z
712 2060 763 2121 Qui
774 2060 975 2122 sunthaeretioi,
989 2063 1041 2112 nisi
1051 2065 1107 2130 qui,

69 2133 171 2183 relicta
182 2132 231 2182 Dei
243 2133 372 2194 Ecclesia,
381 2133 500 2196 privatas
515 2132 617 2196 eligunt
628 2133 769 2182 societates
778 2133 826 2180 ‘l-
836 2131 870 2195 (f)
880 2131 953 2182 Ftdei
969 2133 1108 2186 catholicae

60 2204 191 2264 renites,
207 2203 239 2253 de
250 2217 304 2268 qua
316 2204 344 2254 in
359 2203 409 2254 bac
425 2203 587 2262 delinitione,
603 2217 634 2253 ea
644 2207 693 2266 est,
709 2216 770 2267 qum
779 2203 860 2253 verbo
878 2203 927 2254 Dei
951 2204 1049 2270 scripto
1064 2206 1107 2258 vel

72 2275 180 2325 tradito
195 2275 354 2338 continetur,
370 2279 396 2324 et
411 2275 444 2324 ab
461 2275 582 2325 Ecclesia
597 2274 732 2324 credenda
743 2272 909 2338 proponitur.
925 2275 1045 2326 Ecclesia
1058 2290 1105 2327 au·

67 2349 128 2396 tem
149 2358 204 2398 nm
227 2345 314 2394 solnm
335 2345 468 2395 credenda
495 2345 631 2408 proponit,
655 2358 716 2410 qnae
748 2358 781 2394 ex
803 2346 940 2408 Scriptura
963 2347 1107 2400 manifeste

67 2419 148 2475 sunt,
163 2416 207 2466 vel
224 2428 257 2465 ex
272 2429 436 2466 summorum
452 2416 620 2473 Pontificum,
636 2421 682 2466 aut
697 2415 871 2466 conciliorum
886 2415 1003 2467 decretis
1017 2419 1105 2468 resul-

66 2490 142 2550 tant,
159 2487 207 2537 sed
230 2487 312 2537 etiam
327 2501 388 2552 quae
408 2487 495 2538 sancti
509 2487 637 2538 Ecclesiae
651 2489 747 2538 Patres
770 2487 985 2549 concordissime,
1000 2493 1028 2540 et
1039 2503 1104 2540 con·

66 2558 241 2610 stantissime
259 2562 409 2608 tenuerunt.
431 2559 562 2610 Melchior
582 2559 671 2610 Canus
687 2559 720 2610 de
744 2559 794 2609 loo.
818 2558 911 2609 Theoi.
926 2559 944 2608 l.
969 2561 1006 2610 12.
1030 2574 1052 2612 c.
1079 2561 1102 2612 6.

64 2643 157 2695 praec.
172 2627 196 2680 6.
211 2629 287 2694 *(3)
299 2629 362 2680 Can.
381 2629 405 2694 1,
417 2629 451 2681 de
464 2629 559 2682 haret.
574 2657 604 2668 -
620 2631 655 2695 (f)
666 2630 731 2682 Gan.
747 2630 787 2692 29,
805 2643 827 2682 o.
843 2630 884 2694 rt,
898 2643 925 2696 q.
939 2631 961 2683 3.
1061 2673 1065 2681 .

105 2803 171 2858 am.
185 2798 312 2858 llaeresis
326 2800 457 2876 suspicio
470 2801 580 2878 triplex
597 2819 664 2862 esse
677 2807 788 2879 potest,
808 2819 917 2879 nempe
938 2804 1017 2878 lenis,
1032 2821 1102 2868 cum

65 2889 157 2963 sigua
176 2887 422 2949 manifestationis
443 2907 482 2950 ex
507 2890 660 2966 operibns,
684 2897 715 2950 et
734 2891 834 2950 verbis
855 2891 954 2952 minus
975 2899 1049 2968 tuta,
1072 2903 1102 2956 et

65 2977 171 3036 minus
189 2982 270 3035 certa
286 2985 365 3050 sunt,
386 2987 420 3036 ut
434 2977 459 3036 si
477 2979 544 3054 quis
566 2981 659 3039 semel
676 2979 885 3039 haereticorum
904 2982 1101 3044 conventibus

64 3063 255 3138 interfuerim
280 3066 469 3140 praesumitur
489 3067 569 3127 onim
590 3067 689 3143 potius
705 3067 884 3141 curiositate,
902 3086 991 3145 quam
1003 3070 1097 3132 irreli-

64 3152 155 3227 gioso
176 3153 276 3213 animo
291 3153 321 3214 id
336 3153 442 3215 fecisse
456 3173 463 3212 :
479 3157 642 3229 vehemens,
662 3173 731 3214 cnm
751 3156 834 3232 signa
855 3158 1099 3220 manifestationis

64 3259 105 3301 ex
117 3241 273 3315 operibus,
290 3248 341 3302 aut
354 3243 455 3302 verbis
467 3251 548 3304 certa
562 3251 592 3304 et
605 3247 692 3304 firma
706 3261 797 3320 saepe,
814 3252 865 3305 aut
879 3247 1095 3324 utplurimum,

64 3335 151 3400 sunt,
168 3330 260 3418 veluti
274 3329 298 3388 si
308 3331 380 3404 rquis
389 3331 526 3405 scienter,
542 3333 736 3409 pluribusque
749 3333 874 3407 vicibus,
890 3351 1009 3395 errores
1022 3354 1095 3397 con-

64 3425 111 3478 tra
125 3417 219 3477 fldem
232 3418 379 3492 docuerit,
392 3427 443 3479 aut
454 3420 558 3480 diebus
572 3421 728 3497 prohibitis
743 3439 850 3483 carnes
866 3423 980 3499 absque
989 3441 1095 3484 neees-

63 3507 153 3566 sitate
174 3505 422 3567 manducaverit:
444 3516 474 3568 et
496 3509 635 3584 uiolento,
659 3527 728 3569 cum
750 3511 835 3586 signa
850 3511 1094 3574 manifestationis

63 3597 181 3657 nullum
195 3593 233 3652 de
246 3593 353 3654 haeresi
363 3595 487 3656 dubium
497 3598 677 3672 relinquunt,
691 3603 723 3658 ln
740 3600 910 3676 suspicione
924 3602 1092 3663 vehementr
