2468 4090
447 245 554 300 —ltltt
580 273 607 284 -

29 360 161 434 atheim,
174 377 235 422 non
250 367 356 437 aetate3
371 363 428 438 tel,
443 363 518 426 sisit
529 363 596 442 ipsa
612 361 739 425 ecclesia
753 367 903 441 exempta,
918 363 956 424 ad
970 363 1032 441 epi-

28 468 135 527 scopum
149 449 392 528 propinquiorem
410 457 462 526 (Ξ).

54 545 110 600 lton
122 547 221 616 potest
234 539 355 616 quidem
374 540 425 601 diu
446 559 465 601 a
487 547 551 602 toto
565 539 779 602 canonicorum
791 557 919 618 corpore
932 539 1036 618 acqui·

29 628 70 686 sita
90 627 267 705 episcopalis
288 628 455 704 iurisdictio
477 630 632 704 exerceri3
657 630 711 690 sed
733 630 792 689 hoe
816 646 875 690 non
901 629 1035 706 inpedit,

29 718 169 792 quominus
185 717 291 778 eadem
306 717 473 793 jurisdictio
492 736 547 796 per
565 725 635 780 octo
656 718 742 778 utiles
759 717 919 794 predictos
936 719 1000 779 dies
1018 735 1038 779 a

29 813 77 866 tcto
87 807 225 884 capitulo,
241 823 303 867 non
316 823 334 866 a
345 808 517 884 Praeposito,
529 809 578 868 vel
590 808 629 868 ab
640 809 705 884 ejus
714 805 810 884 prima
821 805 972 883 dignitate,
984 824 1037 867 va·

28 895 73 955 lide
85 906 113 956 et
127 895 209 956 licite
222 902 293 956 ante
313 895 418 956 Vioarii
433 895 602 979 capitularis
615 896 790 956 electionem
803 903 988 956 exerceatur.
1003 901 1039 958 lit

30 983 81 1045 ileo
97 1001 155 1046 non
170 983 287 1060 cogitur
299 984 471 1059 capitulum,
486 992 520 1045 ut
539 984 650 1058 statim,
671 983 771 1044 habita
783 983 946 1044 vacanonis
960 983 1038 1044 noti·

30 1073 67 1146 lia,
80 1089 167 1134 suum
183 1072 328 1133 vicarium
341 1073 446 1147 eligat3
470 1074 524 1134 sed
541 1079 652 1150 potest,
672 1072 742 1134 licet
755 1079 789 1134 ut
802 1072 963 1148 plurimum
977 1089 1039 1134 non

30 1161 160 1237 expediat,
176 1161 353 1222 electionem
360 1177 456 1238 usque
467 1160 505 1220 ad
517 1161 654 1221 ultimum
667 1161 746 1222 diem
759 1160 889 1221 differre.
900 1165 936 1220 lt
946 1162 1040 1222 semel

31 1249 141 1324 legitime
154 1250 233 1310 facta
247 1249 403 1323 electione,
427 1249 523 1310 omnis
537 1249 703 1326 jurisdictio
728 1249 848 1326 capituli
863 1248 893 1308 in
912 1250 1041 1310 electum

29 1337 157 1398 licerium
170 1336 285 1410 transit,
300 1336 343 1397 ita
361 1343 395 1396 ut
416 1344 546 1412 nequeat
566 1337 695 1411 limitari,
710 1338 758 1399 vel
780 1339 845 1399 dari
859 1338 897 1398 ad
910 1343 1038 1413 tempus,

31 1435 70 1486 aut
80 1425 227 1499 revocari,
241 1424 298 1486 nisi
311 1441 351 1485 ex
362 1425 442 1502 justa
457 1443 557 1499 causa,
575 1433 607 1487 et
617 1427 744 1486 habitae
759 1431 788 1487 s.
805 1423 1041 1502 congregatione

32 1515 154 1575 nculmte
170 1517 223 1585 (3).
242 1518 339 1585 Quare
349 1513 545 1588 iurisdictioa
560 1514 675 1574 Vicario
687 1515 840 1591 capitulari
853 1512 1042 1590 acquisitam

30 1604 153 1679 mulget,
169 1602 268 1663 donec
287 1617 383 1662 novus
396 1603 557 1679 episcopus
572 1601 685 1662 litteras
697 1603 881 1678 apostolicas
894 1619 957 1662 suae
970 1601 1041 1661 mis·

29 1690 105 1752 sionis
119 1690 283 1768 acceperit,
296 1706 407 1766 easque
420 1691 550 1767 capitulo
564 1685 800 1767 praesentaverit,
821 1708 839 1750 a
859 1707 919 1767 quo
934 1690 982 1750 die
995 1690 1039 1749 in·

31 1777 89 1855 cipit
105 1780 277 1842 ministrare
297 1787 465 1855 promotus,
483 1779 531 1839 eui
554 1779 638 1855 prius
656 1779 713 1838 suh
731 1779 872 1854 grauius
885 1778 984 1855 poenis
996 1783 1043 1839 est

31 1866 174 1933 interdicta
185 1869 426 1930 dioecesanorum
441 1868 633 1940 obedientia(
653 1873 674 1941 ).

54 2027 84 2091 (ll
96 2029 128 2079 lu
148 2025 239 2079 Gallia
262 2029 352 2078 tamma
373 2024 466 2089 plures
490 2023 627 2089 eliguntur
647 2023 748 2075 Vicurii
773 2023 951 2088 capitulares.
975 2021 1044 2077 nac

33 2098 186 2150 consuetudo
202 2097 312 2150 inducta
325 2097 378 2147 luit
390 2109 407 2146 a
419 2095 535 2160 paritate
546 2096 673 2146 rationis:
686 2109 749 2146 nam
763 2096 832 2147 sicut
846 2094 966 2161 episcopi
979 2095 1043 2146 Gal·

32 2167 115 2220 liamrn
129 2169 184 2222 sihi
197 2169 291 2235 pluras
308 2167 430 2218 vicarios
444 2165 590 2217 Generales
600 2174 750 2229 assumunt,
764 2169 802 2217 ita
811 2167 974 2232 Capitulum.
991 2166 1044 2219 Sed

32 2238 79 2291 lac
91 2243 158 2293 ratio
171 2254 225 2293 uon
240 2244 283 2291 est
300 2240 366 2290 sutis
382 2237 468 2300 lirma,
482 2237 555 2302 quia,
575 2237 636 2288 vivo
652 2235 793 2302 Episcopo,
816 2237 893 2289 adest
916 2245 1005 2302 caput,
1027 2251 1044 2288 a

32 2323 73 2374 quo
84 2312 185 2364 diversi
200 2309 300 2362 vicarii
314 2315 463 2374 regentum
479 2321 510 2359 eo
524 2321 587 2359 vero
609 2312 724 2370 mortuo,
739 2309 839 2360 vicarii
851 2309 945 2373 plures
962 2308 1042 2373 (iapi-

30 2384 114 2434 tulares
124 2381 311 2434 destituuntur
325 2385 426 2442 centro,
441 2385 468 2430 et
485 2379 575 2444 capite
587 2398 593 2428 :
606 2392 671 2429 narn
684 2379 844 2444 capitulum,
860 2381 944 2432 electo
961 2379 1043 2430 Vica-

32 2453 191 2511 neormam
212 2451 433 2518 judisdictionem
450 2451 478 2500 iu
498 2450 577 2500 illum
592 2450 738 2500 transfert:
754 2455 781 2501 et
804 2450 864 2502 ideo
887 2449 994 2516 quando
1016 2449 1044 2500 S.

31 2523 196 2590 congregatio
227 2524 417 2586 interrogatur,
440 2523 505 2586 quot
525 2521 631 2589 possint
653 2520 717 2584 eligi
740 2521 839 2571 vicarii
873 2519 1044 2588 capitulares,

30 2606 136 2660 semper,
151 2595 260 2648 sublate
273 2591 466 2644 consuetudine
478 2591 683 2642 immemorabili
694 2596 755 2643 unte
761 2591 947 2642 Tridentinum
957 2591 1045 2642 conei-

30 2663 94 2728 lium,
108 2666 273 2732 respondet:
287 2677 368 2716 uuus.
382 2663 468 2713 Immo
479 2664 560 2714 etiam
570 2663 617 2714 ubi
631 2662 724 2727 plures
739 2677 772 2714 ex
784 2664 976 2716 consuetudine
996 2663 1044 2714 eli·

29 2741 118 2798 guntur
133 2737 245 2799 vicarii,
262 2748 359 2787 unusa
373 2734 400 2786 S.
420 2733 488 2786 Sede
512 2739 650 2800 tamquam
667 2734 833 2799 principalis,
858 2739 885 2786 et
905 2739 986 2800 caput
1002 2733 1047 2784 ha·

30 2807 112 2871 letum
130 2809 205 2874 quod
221 2811 326 2859 constat
338 2820 370 2857 ex
389 2806 497 2857 Litteris
520 2805 562 2856 Pii
577 2804 625 2866 VI,
639 2803 710 2855 detis
724 2805 840 2857 Vicariis
860 2805 973 2870 capituli
995 2804 1045 2856 Co·

31 2879 193 2944 risopitensis
204 2878 234 2930 30
245 2877 296 2944 jul.
314 2877 384 2938 1791,
400 2877 427 2926 iu
443 2876 544 2942 quibus
557 2875 637 2927 dictis
649 2876 762 2927 vicariis
778 2890 826 2942 pro
841 2879 962 2942 ternpore
975 2876 1045 2927 cula·

30 2951 146 3002 uitulum
161 2949 234 3003 illius
253 2948 383 3000 Eoelosiae
402 2949 493 3013 plures
507 2947 692 3000 conceduntur
713 2947 868 3012 apostolieae
891 2947 1047 3009 facultatem

31 3022 71 3071 sed
83 3021 209 3074 Pontifex
218 3021 256 3072 ita
269 3020 405 3071 declarat:
418 3017 599 3072 concessiones
612 3019 718 3069 nostras
731 3030 786 3070 non
802 3020 865 3083 jum
879 3019 978 3071 directe
990 3019 1046 3070 lor·

30 3091 72 3154 uiti
84 3107 177 3146 sumus
191 3090 313 3144 omnibus
324 3090 396 3142 volu
411 3090 523 3142 Vicorit'r
533 3087 730 3156 capitularibus
735 3089 800 3153 ;aett
816 3088 873 3141 Tibi
882 3091 941 3152 uni,
956 3090 1049 3144 antea

30 3162 70 3226 lli,
87 3163 218 3217 toronice
229 3163 345 3215 loannes
359 3157 445 3214 Gilart
458 3161 490 3212 dc
500 3159 648 3221 tercentel,
658 3159 699 3213 itu
714 3164 814 3218 tamen.
825 3165 856 3213 ut
869 3164 894 3213 et
908 3161 971 3214 otiis
988 3175 1048 3213 aar·

31 3233 83 3286 uem
105 3233 248 3299 nugandi
265 3233 407 3298 scoenmur
422 3231 478 3284 itti
493 3235 661 3298 potestatem,
679 3235 758 3297 procu
773 3231 804 3284 in
825 3231 891 3298 ipsis
907 3231 1049 3285 eoncessio-

31 3317 90 3359 aum
109 3306 186 3373 soliis
208 3318 361 3370 cupressum
378 3303 517 3368 intelliget.
536 3303 653 3354 Theiner
670 3303 776 3354 docum.
790 3303 860 3354 ined.
877 3309 895 3354 t.
912 3304 934 3363 l,
952 3318 979 3366 p.
995 3303 1048 3366 103,

32 3375 88 3429 edit.
106 3378 195 3437 Paris,
209 3390 251 3427 an.
267 3376 335 3427 185).
351 3403 381 3412 -
392 3375 427 3439 tt)
450 3374 524 3425 Trid.
541 3387 610 3426 sess.
623 3375 664 3437 rt,
682 3388 706 3425 c.
723 3374 760 3438 16,
776 3374 809 3425 de
827 3375 877 3427 rel.
900 3401 928 3411 -
943 3374 980 3440 (3)
1002 3373 1050 3426 Be·

30 3450 148 3500 nedictus
160 3447 234 3511 XIV,
251 3447 285 3499 de
299 3446 398 3513 Synod.
414 3447 431 3496 l.
444 3445 471 3510 t,
485 3459 508 3497 c.
523 3445 549 3496 9.
562 3459 591 3496 n.
606 3445 637 3507 l;
650 3450 678 3497 et
690 3445 709 3497 l.
719 3445 743 3509 l,
759 3459 781 3497 c.
797 3446 812 3496 8
825 3460 853 3497 n.
873 3445 911 3498 lu.
927 3445 1050 3499 Ferraria

31 3521 98 3572 verb.
118 3517 274 3584 Capitulum
287 3523 338 3571 art.
361 3518 385 3583 3,
400 3532 427 3569 n.
442 3517 473 3569 lt
487 3521 515 3570 et
529 3531 609 3584 seqq.
633 3543 663 3556 -
676 3517 712 3582 (l)
732 3517 843 3570 Extrav.
857 3515 993 3586 Injuncta
1015 3518 1049 3572 de

32 3589 108 3649 llleot
124 3593 173 3643 int.
190 3602 259 3644 com.
547 3625 550 3630 -
