2546 4082
504 201 540 216 ..
557 173 611 232 273
628 203 664 216 -

11 309 68 371 gr.
91 300 207 356 sorte
220 309 318 372 agros,
332 294 381 356 rel
404 293 607 358 hereditatem
625 293 767 370 dividere,
786 294 853 356 lites
873 301 904 357 et
922 294 1087 356 discordias

13 401 254 460 componere,
269 391 298 444 et
318 385 385 460 quis
405 384 489 460 prius
503 385 626 445 inbelle
645 385 676 444 in
691 383 808 444 hostem
828 385 972 461 impetum
985 384 1086 445 lacere
1191 423 1193 430 ›
1228 459 1237 484 ι

11 473 159 534 debeat
179 474 389 548 detemrinare,
407 475 498 534 modo
521 475 670 550 religiose,
682 473 761 549 juste
774 479 805 534 et
818 481 901 534 recte
916 474 945 535 id
959 474 1036 548 fiat(
1055 481 1079 548 ).

54 563 191 623 Multis
202 563 300 623 modis
315 563 508 624 committitur
522 563 717 638 sortilegium,
733 562 809 622 sicut
822 569 976 638 exponunt
991 579 1084 623 cano-

13 650 126 710 nistae
147 659 188 712 et
198 651 347 728 Theologi,
364 669 440 728 quos
455 667 640 726 persumme
654 649 876 727 capitaindicat
894 649 993 711 sixtus
1008 657 1028 708 V
1041 655 1082 724 (8)

18 740 80 816 qui
96 741 200 801 inter
223 741 281 800 alia
302 741 367 801 haec
389 741 497 800 habet:
521 741 581 800 Alii
599 748 743 816 preterea
762 740 851 798 etiam
868 739 902 798 in
915 739 1082 815 corporibus

15 829 187 904 obsessis,
200 830 246 891 vet
261 830 457 907 lymphaticis,
474 837 501 889 et
514 830 680 906 phanaticis
692 827 877 899 mulieribus,
890 828 1033 889 demonm
1047 828 1082 888 da

19 919 180 992 tuturis,
193 926 220 980 et
232 919 351 979 occultis
362 918 459 993 rebus,
473 927 527 980 eut
538 918 624 995 sactis
638 918 808 994 anquirunt,
818 923 852 976 ut
864 917 968 976 merito
979 915 1014 976 ab
1029 916 1080 989 eis,

19 1025 108 1084 piros
136 1007 291 1070 Dominus
313 1009 346 1068 in
363 1007 527 1084 nvanpetto
548 1016 640 1068 tacere
659 1007 824 1083 imperavit,
838 1023 943 1079 uanas,
957 1006 1081 1066 menda·

23 1114 148 1174 cesqtte
165 1100 300 1174 referant
312 1098 522 1174 responsiones.
538 1097 588 1158 llis
602 1096 702 1157 verbis
715 1096 802 1156 nobis
817 1096 956 1155 ridentur
968 1094 1081 1168 signid-

25 1186 95 1244 cati
116 1185 219 1246 etiam
232 1175 447 1246 hodiernorum
462 1193 632 1260 temporum
646 1185 895 1260 ltegnetizatores,
907 1183 958 1260 qui
969 1183 1080 1259 praesti-

25 1273 83 1348 gio
103 1273 387 1349 somnembulismi,
403 1281 432 1335 et
452 1276 540 1334 clarae
554 1273 719 1334 intuitionis
732 1291 787 1350 per
799 1273 991 1334 mulierculas
1010 1289 1078 1349 ges-

28 1361 274 1425 ticulacionibus
287 1381 348 1423 non
363 1381 483 1439 semper
493 1363 671 1424 verecundis
684 1362 823 1438 abreptas
834 1361 992 1422 inuisibilia
1001 1379 1079 1438 qne-

27 1467 90 1524 cue
101 1453 276 1530 conspicere
285 1453 435 1528 effutiunt,
443 1470 478 1514 ac
486 1453 520 1512 de
532 1453 596 1528 ipsa
605 1451 743 1527 calipione
754 1451 1076 1528 sermones-instituere,

34 1540 174 1600 animus
187 1549 379 1600 mortuorum
393 1553 519 1616 evocare,
535 1557 675 1617 responsa
695 1539 832 1616 accipere,
847 1540 947 1614 ipnotc
971 1547 997 1600 et
1012 1539 1076 1601 ton-

30 1628 448 1708 momentaneamque
465 1631 497 1690 id
517 1647 609 1706 penus
629 1629 831 1706 superstitiosa
848 1645 978 1688 eneruem
998 1635 1077 1691 ausit

36 1720 207 1778 temerario
218 1725 416 1795 presmnwnt.
429 1723 479 1790 (9).
495 1719 529 1779 lli
545 1718 665 1795 quidem
678 1717 817 1798 videntur
831 1715 901 1776 novi
914 1717 1075 1794 Pythonos,

34 1813 66 1866 et
80 1825 180 1868 novae
193 1809 389 1885 Pythonissae.
402 1807 612 1868 Gravissimum
625 1824 697 1868 sane
707 1806 820 1866 crimen
833 1813 878 1866 est
891 1807 1076 1884 sortilegium

36 1899 126 1972 quod
141 1898 352 1973 idololatriam,
368 1899 416 1958 nel
430 1897 567 1958 haeresim
578 1897 664 1973 sapit,
681 1897 822 1973 quodque
836 1902 995 1972 propterea
1007 1913 1077 1970 pre·

36 1985 178 2048 vissimis
192 1987 332 2064 plectitur
345 1986 455 2063 poenis,
470 1985 514 2046 uti
528 1993 574 2046 est
597 1985 726 2060 infamia,
749 1984 779 2044 in
800 1985 884 2044 laicis
902 2002 1075 2047 exeommu-

41 2075 174 2149 nicatio,
191 2077 221 2136 in
234 2076 355 2137 Clericis
368 2075 526 2152 depositio,
540 2082 570 2136 et
584 2075 711 2151 privatio
721 2075 948 2150 beneficiorum,
960 2076 1013 2137 sed
1023 2077 1076 2136 de·

38 2162 217 2242 linquentes
230 2164 418 2242 gravioribus
431 2164 530 2226 adhue
544 2163 697 2241 plectendi
712 2169 782 2224 sunt
794 2163 893 2240 poenis
906 2183 962 2242 pro
976 2163 1075 2230 crimi-

36 2252 85 2314 nis
98 2254 287 2316 immanitate
300 2257 370 2327 (lt).
628 2256 632 2263 ’

68 2428 108 2496 (1)
120 2427 229 2481 Doctor.
247 2427 282 2480 ed
295 2427 337 2479 tit.
352 2427 387 2479 de
406 2426 491 2479 sortil.
505 2453 536 2464 -
552 2426 586 2492 (1)
600 2426 666 2494 Cep.
682 2430 704 2492 l,
719 2426 753 2480 de
767 2427 853 2480 sortil.
866 2454 897 2464 —
913 2427 1026 2494 (311111.
1044 2428 1069 2488 1,

40 2499 99 2550 eod.
109 2527 143 2540 «-
154 2500 188 2565 (1)
203 2499 272 2566 Cep.
290 2502 314 2563 3,
330 2500 389 2552 eod.
401 2527 432 2536 -
445 2499 481 2564 (5)
495 2499 559 2549 Mol.
572 2512 663 2565 propr.
680 2499 825 2550 Clementis
840 2499 916 2551 relat.
930 2511 946 2550 1
960 2499 1070 2551 Gireldo

39 2571 71 2620 ed
86 2571 131 2623 tit.
157 2571 190 2622 de
213 2572 298 2624 sortil.
322 2572 371 2623 ubi
385 2569 604 2622 inobedientibus
616 2583 725 2636 poenam
741 2571 840 2635 irrogat
853 2570 1068 2622 excommunice-

38 2641 122 2695 tionis
144 2643 226 2707 Papae
247 2649 401 2694 reservatae.
426 2669 453 2678 -
477 2641 512 2706 (6)
533 2640 594 2692 Bul.
618 2639 805 2695 inscrutabilis
828 2641 931 2694 Urbani
946 2641 1021 2695 VIlI.
1036 2669 1069 2682 -

40 2712 72 2777 (l)
87 2716 183 2766 Sortes
197 2727 230 2764 ex
245 2714 336 2766 divine
350 2713 523 2772 revelatione,
538 2713 581 2764 vel
603 2713 781 2778 inspiratione
804 2727 863 2765 esse
878 2715 974 2777 licitae,
988 2727 1067 2766 nemo

41 2783 165 2837 dubitare
176 2789 273 2849 potest.
289 2784 409 2836 Plurima
424 2785 496 2834 enim
511 2785 622 2835 luerunt
634 2784 662 2833 in
678 2784 765 2836 veteri
780 2784 838 2849 lege
852 2798 901 2850 per
920 2789 1005 2836 sortes
1020 2784 1067 2835 de·

39 2854 124 2920 linita,
139 2859 170 2906 ut
184 2855 299 2920 legimus
313 2869 397 2925 penes
411 2855 570 2906 Gratianum
589 2855 618 2904 in
644 2855 731 2920 princ.
748 2868 820 2906 caus.
836 2854 875 2917 16,
891 2859 987 2921 quaest.
1001 2854 1026 2906 1.
1040 2858 1068 2906 11

41 2939 122 2988 penos
135 2926 264 2979 Gonzales
279 2927 313 2977 ad
327 2941 385 2993 cap.
405 2926 427 2985 l,
445 2925 479 2977 de
494 2925 578 2976 sortil.
593 2939 620 2989 n,
636 2928 664 2987 53
678 2928 704 2976 11
718 2927 770 2992 ipsi
783 2926 906 2995 Apostoli
918 2940 968 2991 per
981 2933 1068 2979 sortes

41 2996 66 3048 S.
81 2998 223 3050 Matthiam
236 2999 265 3050 in
274 2998 433 3062 Apostolum
448 2997 597 3061 elegerunt.
610 2997 673 3049 Act.
686 2999 780 3062 Apost.
798 3011 857 3062 cap.
877 3000 898 3049 l.
912 3025 943 3036 ·-
957 2998 993 3062 (8)
1005 2997 1065 3055 Bul,

43 3066 100 3122 toti·
115 3073 237 3123 citerna.
254 3096 281 3105 -
298 3070 333 3134 (9)
348 3070 433 3134 Epist.
449 3067 556 3132 Encyel.
574 3068 601 3118 S.
613 3068 803 3133 Inquisitionis
815 3068 952 3120 edomnes
962 3069 1066 3136 episco-

42 3151 94 3202 pos,
110 3141 193 3205 lang.
213 3139 279 3191 1856.
296 3140 361 3191 llud.
377 3140 401 3192 S.
417 3139 559 3204 Inquisitio
577 3139 743 3203 interrogata
753 3141 829 3203 prius
843 3140 886 3191 die
896 3140 926 3190 18
932 3140 983 3205 jul.
997 3140 1065 3205 1810,

42 3215 167 3264 statueret
182 3211 234 3263 hoc
254 3212 420 3278 principium
444 3231 450 3262 :
472 3210 624 3274 Applicatio
647 3209 848 3276 principiorum
866 3214 891 3264 ct
915 3211 1066 3263 mediorum

44 3295 104 3346 pure
117 3282 286 3350 physicorum
299 3281 336 3335 nd
346 3285 436 3335 mmet
448 3282 554 3348 effectus
564 3295 626 3334 vere
636 3282 863 3346 supernaturales,
870 3287 898 3336 ut
907 3281 1012 3349 plrpsice
1022 3295 1065 3334 ea·

43 3354 177 3418 plicantur,
200 3367 255 3406 non
278 3357 314 3406 est
333 3353 388 3406 nisi
406 3352 522 3417 deceptio
543 3352 653 3405 omnino
669 3351 777 3414 illicita,
794 3357 818 3406 et
833 3353 998 3406 hereticalir.
1015 3355 1062 3404 ln·

44 3425 170 3492 terrogate
187 3426 312 3476 similiter
325 3438 394 3475 anno
409 3425 479 3485 tell,
492 3424 536 3474 die
549 3425 580 3474 10
600 3423 689 3487 april,
703 3429 730 3474 11
748 3424 776 3474 19
789 3425 863 3488 maii,
876 3439 911 3476 en
924 3438 1062 3477 1111111111-

46 3498 158 3558 molismi
172 3498 241 3548 soret
263 3496 363 3555 licitus,
378 3495 536 3560 respondit:
565 3495 655 3554 Usum,
674 3495 729 3547 sive
750 3495 909 3548 enereitium
927 3495 1059 3561 manneti-

45 3567 100 3634 smi,
110 3573 188 3636 prout
201 3567 233 3622 in
249 3581 313 3622 casu
331 3567 485 3633 seponitur,
506 3579 561 3620 non
577 3566 663 3620 licere.
683 3566 797 3629 Deinde,
814 3572 951 3622 crescente
971 3569 1060 3624 abusu
