2490 4088
1081 101 1103 137 1

627 205 770 265 -eo-
1240 218 1241 300 l

184 332 251 406 luit,
263 348 299 392 ea
312 337 368 404 est,
384 330 528 408 quianon
542 329 642 390 omnia
660 329 771 407 scripta
783 331 878 404 luere,
891 345 959 406 quae
973 328 1051 403 feeit,
1068 335 1100 390 et
1112 329 1221 391 docuit
1240 327 1241 330 ’

184 425 270 480 lesus
283 420 425 492 Christus,
447 436 544 495 neque
566 419 676 491 omnia,
693 436 759 494 quae
773 418 904 480 Ecclesia
921 418 1073 494 praeeepit,
1089 436 1129 478 ac
1144 436 1219 478 con-

183 509 364 570 stantissime
383 507 564 580 observavit,
581 507 747 584 praesertim
772 507 875 582 primia
890 507 1015 581 saeculis,
1031 514 1061 568 et
1075 506 1219 569 difficilli-

181 599 238 660 mis
249 603 475 674 persecutorum
491 597 685 673 temporibus,
700 596 805 656 litteris
820 597 993 673 consignata
1007 603 1090 658 sunt.

219 686 346 747 Traditio
368 687 480 761 duplex
501 691 547 745 est
569 685 680 759 divino,
702 684 844 744 nimirum
864 691 894 744 et
916 685 1052 745 humanu
1074 689 1117 757 (i)
1144 685 1218 745 :illa
1241 719 1242 748 i

183 779 276 834 Deum
289 775 378 835 habet
400 780 565 848 auctorem,
580 780 611 833 et
624 791 694 848 pars
710 779 755 834 est
774 771 880 832 divinae
894 771 1103 845 revelationis,
1122 772 1218 833 immo
1241 775 1242 788 ¹

182 864 312 924 divinam
325 863 420 939 ipsam
429 860 572 938 scriptum
582 862 801 922 {revelationem
811 861 958 922 antecedit
969 881 977 922 ι
989 877 1058 920 nam
1069 862 1219 937 dogmata

182 949 332 1028 religionis
345 969 364 1010 a
387 955 458 1010 lesu
472 949 586 1010 Christo
602 957 743 1011 oretenus
757 950 873 1021 tradita,
894 950 932 1009 ab
949 947 1097 1025 apostolis
1111 957 1217 1010 orete-

181 1059 238 1102 nus
253 1040 423 1117 praedicata,
439 1040 519 1099 atah
544 1040 676 1100 Ecclesia
699 1039 808 1099 illibate
831 1038 913 1114 prius
933 1049 1051 1098 servata
1076 1039 1214 1112 fuerunt,

180 1147 268 1206 quam
287 1129 405 1205 seriptis
425 1128 647 1188 mandarentur.
672 1128 754 1187 Unde
774 1127 957 1188 tertulianus
972 1127 1012 1186 ita
1030 1126 1070 1186 ait
1092 1147 1098 1186 :
1122 1128 1217 1187 Prior
1242 1134 1243 1170 ³

179 1219 238 1294 suit
251 1219 365 1291 animo,
378 1234 469 1294 quant
479 1216 588 1290 littera,
599 1232 695 1274 sermo
708 1215 800 1290 prior,
812 1232 903 1291 quant
916 1215 996 1288 liber,
1008 1223 1034 1274 ct
1044 1215 1132 1290 prior
1146 1233 1214 1276 sen

178 1323 241 1381 aua,
264 1323 356 1383 quom
368 1305 463 1381 stylus
477 1309 527 1378 (3).
545 1305 637 1379 liujus
649 1302 816 1363 traditionis
834 1308 1052 1378 consequenter
1065 1301 1155 1363 tanta
1169 1311 1215 1364 est

179 1393 354 1466 auctoritas,
371 1398 482 1469 quanta
506 1408 659 1452 sacrarum
682 1391 911 1468 scripturarum,
926 1396 956 1450 et
979 1390 1031 1466 qui
1053 1407 1124 1451 eam
1150 1409 1213 1452 non

180 1482 316 1556 admittit,
330 1482 378 1541 vel
393 1480 566 1554 contemnit,
579 1498 597 1539 a
611 1481 738 1540 coneilio
752 1479 922 1540 Tridentino
934 1480 1124 1540 anathemate
1140 1499 1213 1557 per-

179 1570 290 1632 cutitur
305 1575 355 1643 (l).
372 1575 441 1630 llaec
450 1586 533 1642 vero,
550 1585 658 1646 nempe
670 1570 809 1642 humana,
824 1569 861 1628 ab
875 1568 1015 1646 Ecclesia
1029 1569 1214 1629 Praesulihus
1243 1592 1244 1650 t

180 1657 346 1732 descendit,
368 1675 476 1734 nempe
490 1658 527 1720 ab
550 1658 707 1736 Apostolis,
727 1658 827 1718 veleb
849 1674 954 1718 eorum
968 1657 1211 1730 suecessoribus,

179 1746 232 1822 qui
245 1763 364 1807 morum
386 1747 504 1822 regulas
526 1746 655 1822 primum
677 1745 898 1822 praedicatione,
920 1745 1027 1804 deinde
1049 1744 1213 1820 scripturis

179 1835 342 1910 tradidere,
366 1841 397 1894 et
428 1841 540 1895 tantam
561 1835 651 1895 hahet
672 1834 744 1910 vim,
769 1841 911 1910 quantam
932 1834 1043 1894 habent
1063 1835 1151 1910 leges
1172 1835 1211 1894 ab

178 1921 287 1984 iisdem
300 1923 472 1984 auctoribus
485 1924 654 1984 eonstitutae
668 1925 719 1995 (5).

212 2120 248 2188 (l)
261 2121 320 2173 Hoc
331 2123 377 2188 jus
391 2121 491 2173 dicitur
503 2135 558 2173 non
571 2121 702 2186 scriptum
716 2133 769 2172 non
781 2133 813 2172 eo
826 2133 916 2181 sensu,
931 2132 984 2184 quo
1000 2119 1028 2170 in
1044 2119 1210 2186 scripturam

180 2207 320 2258 nunquam
336 2193 473 2244 redactum
491 2193 585 2252 fuerit;
601 2193 648 2243 sed
663 2205 695 2243 eo
705 2190 876 2255 sensu,quod
891 2190 1112 2256 aprincipionon
1123 2190 1211 2242 luerit

178 2264 207 2314 in
222 2264 385 2330 scripturam
400 2265 547 2328 redactum,
563 2270 590 2314 et
603 2263 638 2313 ab
659 2267 768 2314 auctore
781 2275 839 2313 suo.
852 2262 949 2312 Plures
968 2262 1040 2312 enim
1068 2265 1133 2312 sunt
1152 2265 1210 2313 tra·

176 2334 302 2398 ditiones,
315 2336 342 2386 et
362 2334 579 2397 consuetudines,
605 2347 667 2400 quae
681 2334 708 2384 in
726 2335 812 2384 sacris
832 2332 981 2384 canonibus
998 2333 1108 2398 scriptae
1127 2332 1207 2384 exhi-

175 2404 292 2467 bentur,
308 2410 439 2456 ettamen
460 2405 551 2470 adjus
566 2419 620 2456 non
641 2406 771 2470 scriptum
785 2405 924 2469 pertinere
938 2417 992 2454 non
1008 2406 1126 2467 cessant,
1142 2403 1210 2469 quia

131 2488 135 2497 ·
177 2479 209 2526 ut
223 2476 297 2541 leges
309 2477 489 2542 promulgatae
502 2490 556 2527 non
570 2476 688 2536 suerunt,
701 2475 748 2526 sed
765 2476 866 2526 sensim
888 2474 1071 2525 obtinuerunt.
1084 2503 1116 2511 —
1133 2475 1173 2540 (¹2)
1184 2477 1208 2526 Α

176 2545 339 2612 quibusdam
362 2547 470 2598 treditae
490 2547 615 2598 divisioni
636 2546 743 2598 tertium
757 2545 914 2610 adjungitur
927 2546 1088 2607 membrum,
1102 2559 1208 2612 nempe

174 2617 284 2669 traditio
299 2616 565 2684 diuino-apostolica,
580 2619 659 2682 quasi
673 2618 709 2668 sit
725 2615 844 2667 medium
858 2617 929 2668 inter
943 2616 1115 2667 traditionem
1130 2617 1206 2668 divi-

174 2703 247 2750 nam,
267 2695 294 2741 et
313 2690 469 2741 humanam.
490 2689 579 2754 Hujus
602 2687 783 2739 distinctionis
801 2693 990 2753 argumentum
1012 2687 1170 2739 desumitur
1190 2703 1207 2739 a

174 2759 330 2812 Tridentino
340 2761 368 2810 in
378 2761 498 2812 sessione
507 2759 554 2821 IV,
563 2760 591 2809 in
601 2759 709 2810 decreto
720 2759 752 2811 de
761 2759 898 2810 canonicis
908 2757 1067 2824 scripturis,
1083 2757 1134 2809 ubi
1151 2765 1208 2811 tra·

174 2831 287 2883 ditiones
299 2828 475 2894 affirmantur,
487 2831 520 2883 ab
536 2830 620 2898 ipsius
629 2827 729 2883 Christi
741 2843 786 2882 ore
799 2830 833 2884 ab
847 2830 1002 2898 apostolicis
1015 2833 1137 2894 accepta.
1154 2833 1207 2884 nul

174 2901 207 2954 ab
221 2901 287 2968 ipsis
300 2903 437 2969 Apostolis,
451 2899 560 2969 Spiritu
574 2897 673 2956 Sancto
688 2900 817 2965 dictante,
832 2901 990 2957 traditam
1003 2901 1054 2954 hac
1064 2901 1206 2954 locutione

173 2973 235 3024 duae
259 2978 322 3025 sunt
340 2979 452 3038 partes:
476 2975 563 3026 altera
580 2973 614 3024 do
633 2973 823 3025 traditionibus
841 2975 876 3024 ab
890 2988 935 3025 ore
956 2973 1055 3025 Christi
1069 2974 1204 3038 acceptis,

172 3043 258 3095 altera
279 3045 313 3096 da
334 3044 524 3096 traditionibus
546 3045 684 3108 Apostolis
703 3044 836 3110 aSpiritu
852 3045 948 3096 Sancto
965 3044 1081 3094 dictatis.
1095 3043 1204 3094 Verum

172 3129 234 3168 cum
248 3116 276 3166 in
289 3119 404 3180 utroque
427 3129 490 3167 casu
511 3115 617 3167 traditio
640 3115 769 3182 procedat
790 3129 806 3166 a
824 3117 890 3176 Deo,
905 3114 996 3166 divina
1011 3119 1060 3166 est.
1084 3114 1156 3165 Sunt
1177 3118 1205 3166 et

171 3186 228 3248 alii,
239 3187 286 3251 qui
296 3185 454 3237 traditiones
468 3186 600 3237 humanas
615 3185 735 3238 dividunt
745 3188 771 3236 in
787 3200 850 3251 apos
856 3186 991 3248 inlicitam
1000 3185 1208 3249 ecclesiasticae,

170 3263 251 3322 prout
265 3258 396 3322 originem
410 3257 565 3308 habuerunt
578 3258 613 3308 ab
633 3259 780 3322 Apostolis,
795 3258 866 3308 vela
884 3258 1044 3308 pastoribus
1061 3270 1158 3307 eorum
1173 3257 1203 3306 in

171 3329 296 3386 Ecclesia·
307 3327 517 3380 successoribus.
537 3329 690 3393 apostolica
706 3332 796 3380 tamen
814 3329 932 3380 humana
944 3327 1051 3378 traditio
1066 3325 1201 3391 intelligi·

171 3402 216 3449 tur
230 3403 333 3450 tentum
347 3400 381 3450 de
402 3399 445 3461 iis,
465 3412 526 3463 quae
549 3400 669 3463 Apostoli
694 3404 831 3465 tamquam
851 3399 971 3451 homines
991 3398 1201 3448 constituerunt.

171 3469 225 3522 Sed
239 3485 300 3520 oum
318 3480 433 3536 utraque
449 3470 484 3520 ab
501 3469 657 3522 hominibus
674 3471 807 3535 originem
820 3472 910 3528 ducat,
922 3469 1041 3519 humana
1055 3471 1128 3518 recte
1142 3467 1202 3519 dir-i

171 3555 256 3606 prope
266 3541 382 3604 videtur,
395 3545 422 3592 et
434 3555 488 3591 non
503 3539 609 3592 differre
620 3541 673 3592 nisi
687 3556 736 3606 per
750 3542 858 3593 modurn
873 3539 1017 3605 magisve]
1027 3539 1117 3589 minus
1129 3551 1200 3602 par·

171 3612 281 3666 iacti·
292 3612 326 3677 (3)
340 3613 380 3664 De
390 3611 473 3664 anim.
490 3624 550 3677 cap.
567 3613 625 3663 l.-
641 3612 677 3678 (i)
691 3612 764 3665 Soss.
775 3614 800 3676 l,
815 3612 848 3664 de
863 3625 921 3664 con.
934 3609 1033 3675 Script.
1043 3609 1201 3674 -(5)Hinc
