2546 4082
512 207 673 266 439-

67 334 162 396 immo,
177 333 260 384 rebus
278 332 318 384 sio
337 331 481 396 stantibus,
500 334 588 397 potest
604 334 631 382 61
645 332 703 398 ipse
717 345 790 398 reus,
802 333 846 386 vei
860 335 920 399 eJus
933 339 1096 402 procurator

65 405 181 459 instare.
195 409 226 455 ut
237 405 271 455 ad
284 403 470 469 purgationem
484 403 640 454 canonicam
654 403 819 455 admittatur.
834 405 899 472 Cap.
917 408 955 470 tt,
969 407 1003 460 de
1016 422 1095 474 purg,

66 491 131 528 can.
142 476 230 527 ⁴Unde
246 476 370 540 purgatio
387 475 446 526 haec
460 475 513 526 dici
526 477 606 525 etiarn
628 478 716 541 potest
733 477 855 542 probatio
870 479 1034 531 subsidiaria
1049 495 1094 532 61·

66 549 202 613 captionis
216 549 285 612 ejuS,
299 547 346 610 qui
368 550 450 612 negat
472 560 502 598 ee
525 546 716 609 imputatotum
740 561 799 598 esea
819 562 903 601 raum.
923 551 962 600 Ex
981 551 1093 603 adverso

65 633 132 670 vero
147 632 200 669 non
216 620 377 683 potestesse
394 618 468 668 locus
483 617 619 669 canonicas
630 618 792 683 purgationi,
808 619 915 684 quando
929 621 1041 681 crimen,
1052 623 1096 674 vei

68 690 295 754 impedimentum
312 692 354 740 est
368 689 519 754 probabile.
540 688 624 739 Rubr.
640 702 698 754 cap.
709 689 733 750 1,
747 690 816 747 661.;
834 693 860 740 61
873 690 979 756 quando
994 695 1097 744 crimen
1183 713 1185 716 ·

65 767 110 812 est
123 761 267 811 notorium.
287 760 351 824 Cap.
375 759 412 820 15,
433 761 492 810 eod.
514 759 542 810 Si
567 771 631 810 raro
655 759 688 811 da
703 759 837 810 calumnia
851 763 992 813 manifesta
1006 767 1098 816 assent

65 833 157 898 signa,
180 831 223 881 vei
246 830 279 882 de
298 829 451 881 innocentia
473 831 592 880 accusati
614 844 668 881 non
690 837 782 896 poseat
803 832 949 895 prudenter
968 833 1098 899 dubitari,

66 903 223 968 Episcopus
242 906 343 966 posset.
359 900 402 953 vet
415 915 479 965 non,
494 901 678 967 purgationem
701 901 820 954 indicare
839 904 919 968 juxta
941 905 1012 970 quod
1031 921 1098 970 pru.

66 973 179 1024 dentius
189 973 333 1037 judicaret.
347 972 413 1038 Gap.
430 972 468 1033 ti,
478 972 512 1022 de
526 985 604 1036 purg.
620 986 678 1023 can.
689 999 720 1009 -
732 972 768 1034 (11
782 973 1006 1038 compurgatores
1019 978 1095 1040 jura·

68 1059 98 1096 ra
113 1043 223 1106 debent,
239 1057 269 1095 66
286 1044 405 1104 0161616,
426 1057 501 1094 reum
514 1057 607 1094 verum
617 1045 737 1108 jurasse,
752 1049 779 1096 at
792 1057 856 1094 vere
868 1045 1016 1097 immunem
1036 1061 1098 1101 essa

67 1129 84 1166 a
99 1114 224 1178 crimine,
238 1114 280 1166 vel
293 1113 399 1166 macule
412 1114 453 1164 iiii
466 1113 605 1180 imputata.
621 1114 686 1180 Cep.
701 1115 716 1164 5
732 1117 760 1165 et
776 1115 813 1177 ts,
828 1114 861 1166 de
875 1127 953 1180 purg.
968 1130 1027 1168 cen.
1043 1120 1096 1170 As·

67 1186 195 1238 sumendi
209 1194 272 1236 sunt
287 1186 357 1237 inter
370 1187 443 1236 viros
456 1185 591 1243 honestos,
606 1185 685 1236 bonae
704 1185 793 1248 tamea,
808 1186 915 1250 probati
932 1188 960 1237 in
983 1187 1035 1240 tide
1049 1201 1095 1241 ca·

68 1256 180 1319 thelica,
197 1269 248 1308 nac
266 1257 295 1307 in
311 1255 413 1321 judicio
428 1269 477 1322 pro
492 1255 653 1307 criminibus
664 1270 794 1321 umquam
815 1258 1051 1323 condemnationi
1069 1273 1097 1312 se

68 1328 213 1394 purgantis
233 1327 473 1392 conversationem,
486 1330 513 1378 61
526 1326 608 1377 vitam
617 1327 687 1378 bene
700 1331 814 1378 noscant
830 1342 883 1379 non
898 1332 952 1380 tarn
970 1331 1097 1383 moderno

68 1403 203 1464 tempora,
218 1412 299 1463 quarn
313 1402 459 1459 transacto,
479 1397 580 1462 quique
606 1402 759 1463 propterea,
781 1403 910 1464 quantum
926 1400 984 1452 tiari
999 1405 1096 1467 potest¹

69 1469 235 1520 habitantia
249 1468 365 1532 viciniis,
378 1469 421 1518 rel
436 1469 490 1519 sint
503 1468 537 1519 de
551 1469 679 1533 capitulo,
701 1469 735 1520 16
750 1470 852 1528 ordine,
870 1470 903 1521 de
917 1476 996 1536 caetu,
1010 1473 1044 1524 de
1060 1474 1097 1524 ci-

69 1542 164 1598 vitate,
180 1540 222 1590 vel
235 1538 364 1604 parochie
377 1539 460 1602 illius,
477 1539 524 1604 qui
534 1551 562 1589 66
574 1541 681 1604 purgat.
694 1539 760 1603 Cap.
775 1541 799 1601 t,
811 1541 837 1603 9,
855 1540 884 1591 10
898 1547 924 1592 61
941 1541 977 1602 11,
993 1543 1052 1594 end.
1067 1572 1098 1583 -

70 1613 105 1675 (5)
123 1611 220 1662 Manus
232 1615 466 1677 compurgatorum
479 1610 653 1662 determinari
663 1611 742 1661 dabat
756 1611 790 1661 ab
801 1611 934 1678 Episcopo
942 1613 1020 1677 Juxta
1030 1629 1096 1680 qua·

69 1683 184 1744 litatem,
201 1685 228 1732 at
240 1682 399 1746 gravitatem
414 1681 542 1732 criminis.
557 1681 601 1731 Sic
615 1681 787 1732 Innocentius
810 1683 884 1748 Papa
904 1683 930 1732 in
949 1697 1013 1736 casu
1029 1686 1096 1752 Epi·

72 1754 149 1818 scopi
161 1753 319 1808 Tridentini.
334 1753 380 1817 qui
390 1751 517 1804 Simoniae
526 1752 612 1802 iuerat
626 1758 776 1809 accusatus.
789 1753 934 1812 mandavit,
946 1761 975 1805 nt
988 1769 1016 1806 se
1030 1771 1096 1820 pur-

70 1827 149 1889 garet
164 1825 243 1875 161116
256 1837 338 1874 manu
356 1823 398 1874 sui
413 1823 524 1882 ordinis,
540 1822 567 1872 id
582 1827 623 1872 est
635 1823 841 1888 Episcoporum,
857 1829 883 1875 et
901 1831 997 1890 quarta
1011 1828 1096 1879 abba·

70 1901 138 1958 tum,
157 1899 184 1946 et
201 1895 390 1959 religiosorum
409 1894 587 1945 sacerdotum.
604 1894 667 1958 Cap.
684 1894 708 1957 5,
724 1893 783 1945 eod.
799 1893 884 1946 Sinin
904 1909 967 1948 casu
982 1897 1096 1952 haeresis

71 1969 174 2020 indicta
187 1967 239 2018 tuit
252 1967 375 2031 purgatio
393 1964 612 2029 quartaedeoimae
626 1978 732 2016 manus.
747 1963 813 2031 Cape
830 1965 867 2025 to,
884 1967 942 2018 aod.
958 1995 990 2006 -
1003 1970 1037 2034 (6)
1050 1971 1094 2022 Ei·

70 2041 160 2090 iectus
174 2037 341 2103 purgationis
354 2038 491 2087 canonicae
505 2035 624 2100 legitima
636 2037 714 2086 sactae
726 2036 770 2087 hio
784 2040 834 2099 est,
851 2042 881 2088 ut
894 2037 1048 2093 diffamatus
1062 2043 1096 2094 da

71 2110 195 2168 crimine.
208 2110 251 2161 vei
267 2107 468 2172 impedimento,
485 2111 621 2171 tamquam
636 2111 766 2172 purgatus
783 2107 817 2158 ab
831 2107 942 2161 infamia
953 2110 989 2160 sit
1004 2112 1096 2164 absol-

70 2182 185 2240 vendus.
198 2178 240 2230 rel
254 2180 289 2230 ad
303 2178 420 2236 ordines,
435 2183 462 2229 at
475 2178 608 2229 beneticia
621 2178 811 2229 admittendus.
826 2179 890 2244 Cap.
909 2181 924 2231 8
937 2186 963 2231 61
979 2181 1096 2245 11601,

70 2254 162 2315 modo,
175 2254 206 2302 nt
226 2251 398 2315 supponitur,
421 2249 579 2300 scandalum
599 2248 753 2300 cessaverit.
772 2249 836 2313 Gap.
862 2251 972 2309 111661.
991 2252 1019 2302 Si
1031 2267 1095 2307 varo

70 2323 226 2376 diffamatus
245 2322 273 2372 in
286 2323 446 2387 purgatione
460 2320 576 2378 deficiat,
597 2319 661 2384 quia
675 2324 781 2370 recusat
794 2321 897 2384 jurare,
910 2321 953 2373 vai
970 2336 1094 2388 compur-

71 2399 179 2466 gatores
193 2406 245 2443 non
261 2391 371 2455 invenit,
386 2405 467 2456 ptena
480 2391 577 2441 delicto
592 2390 795 2455 proportionata
813 2391 1031 2446 condemnandus
1045 2400 1094 2448 661.

70 2466 209 2528 Zallinger
222 2463 256 2514 61
271 2463 311 2513 tit.
326 2461 360 2514 de
374 2477 451 2527 purg.
469 2476 528 2512 can.
544 2459 624 2526 1115.
639 2487 672 2498 -
688 2460 723 2525 (i)
736 2460 808 2512 11661
824 2461 868 2514 hic
881 2464 978 2515 modus
998 2465 1025 2516 in
1040 2467 1095 2519 dis·

70 2536 242 2588 suetudinem
257 2533 367 2592 abierit,
383 2548 435 2583 non
451 2536 541 2583 tamen
562 2534 707 2596 propterea
720 2531 774 2582 dici
788 2537 876 2596 potest
892 2534 1094 2592 6161166116-

71 2611 170 2674 gatus:
185 2620 248 2656 nam
262 2607 321 2670 ipse
334 2605 493 2669 Van-Espon
506 2617 566 2654 cum
579 2603 679 2669 Zippeo
694 2603 793 2653 16161111
804 2604 913 2667 quidem
930 2619 991 2657 raro
1006 2609 1033 2658 in
1049 2623 1094 2659 cu·

71 2682 121 2732 riis
146 2676 334 2730 ecclesiasticis
359 2674 446 2724 adbuc
471 2674 604 2736 adhiberi,
624 2672 672 2723 sed
693 2687 747 2723 non
765 2673 830 2724 dicit
849 2688 909 2726 esse
927 2677 1096 2742 abrogatum.

71 2754 147 2802 Part.
164 2751 188 2810 3,
201 2752 220 2799 t.
240 2749 264 2806 8,
283 2763 304 2799 c.
321 2748 345 2806 1,
363 2746 397 2797 16
414 2747 509 2796 instra.
531 2759 604 2796 caus.
621 2746 696 2794 crim.
716 2745 820 2795 Revera
835 2747 910 2797 nulla
924 2753 965 2798 661
977 2749 1019 2800 lex
1033 2751 1097 2804 huic

71 2821 226 2890 purgationi
240 2818 389 2880 contraria;
408 2817 522 2882 ideoque
536 2815 608 2878 qnod
622 2831 674 2866 usu
693 2816 876 2867 intermissum
891 2824 940 2882 est,
954 2833 1004 2870 usu
1019 2835 1096 2873 reno·

71 2895 131 2945 vari
152 2895 250 2958 potest,
265 2895 325 2940 tum
339 2902 417 2940 namo
438 2902 491 2938 non
510 2887 607 2948 videat,
634 2890 742 2950 quantae
758 2888 885 2938 utilitatis
899 2889 970 2940 clero
992 2892 1028 2943 sit
1048 2906 1097 2958 per

72 2965 192 3016 medium
208 2963 293 3027 legale
308 2960 475 3028 purgationis
493 2971 619 3024 reparare
631 2959 730 3007 famam
745 2959 880 3009 amissam.
896 2960 1098 3026 Ditiamatio,ut

73 3038 231 3104 piurimum,
247 3035 281 3084 ab
295 3046 358 3096 uno,
378 3033 425 3080 aut
447 3044 463 3080 a
483 3030 577 3096 paucis
594 3029 688 3091 oritur,
703 3029 767 3093 quid
781 3030 887 3089 meiius,
902 3045 983 3096 quem
996 3034 1096 3084 samam

74 3111 112 3159 ita
126 3106 247 3170 apannis
261 3103 408 3154 sauciatam
421 3115 470 3168 per
484 3113 592 3149 manum
603 3099 710 3150 testium
724 3101 878 3162 proborum,
894 3105 921 3152 et
935 3103 1096 3168 optimorum

73 3177 220 3244 repararet
234 3176 316 3227 Recte
333 3174 423 3237 itaque
442 3171 592 3235 Episcopus
608 3172 709 3234 ageret,
726 3171 771 3234 qui
795 3172 876 3222 etiam
890 3172 970 3224 hodie
986 3179 1094 3240 sapien·

74 3251 194 3302 tissimas
204 3246 333 3298 Ecclesiae
347 3244 421 3308 leges
431 3241 464 3293 de
474 3241 633 3305 purgatione
648 3243 776 3291 canonica
786 3242 819 3293 ad
830 3245 934 3307 praxim
948 3250 1095 3298 revocaret.

75 3321 127 3372 Sed
143 3321 204 3385 quis
222 3318 290 3368 10116
303 3317 440 3380 opponet:
464 3313 487 3363 1ο
500 3314 528 3362 in
546 3312 597 3363 bac
609 3313 776 3377 purgatione,
785 3320 924 3378 ‚quatenus
939 3329 1001 3368 reus
1015 3318 1097 3370 debet

76 3405 152 3444 suam
168 3388 346 3440 innocentiam
355 3387 458 3450 jurare,
475 3383 570 3435 edesse
583 3383 733 3448 periculum
752 3385 865 3448 perjurii
881 3402 888 3446 3
904 3387 990 3439 11166
1005 3389 1095 3454 inqui-

77 3465 127 3516 sito
142 3461 230 3526 legam
243 3463 270 3510 et
287 3457 393 3523 praxim
406 3454 549 3521 prohibere
567 3454 730 3506 delationem
741 3456 888 3519 juramenti
902 3457 973 3510 eirca
985 3460 1095 3520 crimen,

77 3536 111 3587 de
127 3547 180 3600 quo
191 3534 216 3582 in
234 3545 282 3582 suo
299 3529 442 3580 constituto
454 3526 608 3591 inquiritur.
621 3525 826 3590 Respondemus
838 3528 871 3578 ad
889 3528 1015 3594 primurn.
1030 3532 1096 3582 Per·

75 3606 140 3672 jurii
159 3602 310 3670 periculum
325 3600 389 3652 oiim
404 3612 511 3665 quoque
528 3597 638 3659 aderat;
661 3601 689 3648 et
708 3601 796 3650 tamen
817 3599 937 3651 Ecclesia
951 3603 1095 3667 predictas

187 3691 210 3744 1.
959 3691 989 3743 tt
