2468 4090
609 193 771 252 „466-

175 317 327 371 mutuatur.
339 315 443 368 Idcirco
457 315 583 370 vicarius
597 317 625 368 in
639 317 728 382 capite
748 315 919 368 decretorum
932 327 1045 368 suorum
1056 329 1119 368 non
1129 317 1207 368 tene-

176 394 221 441 tur
242 401 377 452 exponere
395 388 498 438 litteras
515 387 713 439 commissionis
737 401 803 449 sum,
821 401 890 452 quas
908 387 1020 453 quidem
1044 388 1158 439 litteras
1180 399 1210 437 er

176 461 310 512 communi
324 458 463 530 doctorum
478 460 610 510 sententia
621 472 755 525 exponere
775 458 855 510 debet
866 458 936 510 elius
951 461 1124 524 quicumque
1138 457 1209 509 dela·
1230 455 1231 524 l

176 537 271 596 gntus3
287 545 366 582 secus
379 532 455 581 nulla
480 537 521 582 est
540 531 689 582 necessitas
713 529 848 594 credendi,
863 544 918 581 nou
942 530 1014 581 enim
1036 543 1208 596 praesumuu·
1230 527 1231 530 ’

176 609 229 653 tur.
241 603 320 654 Unde
335 603 431 654 scribit
442 602 622 655 Monacellus:
635 621 646 649 ι
658 601 752 652 Tutior
762 615 825 665 ergo
836 603 881 652 via
895 601 1028 667 estquod
1042 601 1174 653 vicarius
1185 601 1211 650 iu
1230 653 1231 672 ¹

176 673 331 740 «principio
348 673 391 724 sni
411 674 492 724 officii
512 687 603 725 coram
621 671 746 739 Capitulo
761 672 931 724 Cathedralis
945 687 994 736 per
1008 673 1206 724 cancellarium
1230 673 1231 732 )

177 745 319 796 «Litteras
334 757 391 796 suas
413 744 596 810 deputationis
619 744 761 809 publicare
776 743 867 807 saciet,
885 750 913 795 st
926 743 1024 796 deinde
1047 757 1139 811 penes
1156 747 1211 794 acta
1230 741 1231 798 l

176 837 190 862 «
200 815 377 868 cancellariae
391 822 601 880 perextremum
616 815 758 879 registrari
772 819 847 865 curet
863 832 874 860 i
890 815 943 866 Tit.
957 815 978 878 1,
990 829 1018 880 p.
1029 815 1052 880 t,
1064 830 1096 866 n.
1111 817 1153 878 33,
1163 814 1209 864 ubi
1230 799 1231 864 l

176 885 288 940 etiertur
301 887 418 937 termula
441 888 561 953 ipsarum
582 887 756 938 Litterarum.
773 913 804 922 -
826 885 860 950 (i)
876 885 970 948 Quoad
994 886 1210 951 dependentium
1230 869 1231 918 l

176 958 328 1022 ecapitulo
345 959 374 1008 iu
397 957 572 1024 deputatione
581 957 683 1009 vicarii
698 956 920 1022 distinguendum
937 959 1059 1010 estinter
1072 960 1123 1022 jus
1139 957 1208 1009 anti·
1230 953 1231 986 ³

176 1030 291 1096 tiquam,
309 1033 336 1080 et
350 1043 460 1080 norum.
479 1029 545 1082 Jure
564 1029 636 1080 euim
658 1028 769 1094 antiquo
784 1029 911 1081 vicarius
924 1029 1134 1080 constituendus
1152 1029 1209 1079 erat

175 1101 211 1152 ab
234 1103 360 1167 episcopo
384 1101 486 1153 nedum
508 1114 570 1153 cum
593 1100 716 1162 consilio,
730 1099 779 1150 aad
794 1103 821 1151 et
842 1113 904 1152 oum
927 1113 1061 1152 consensu
1076 1099 1205 1166 Capituli,

176 1172 241 1238 quia
257 1172 308 1223 hoc
321 1185 450 1236 magnum
464 1178 514 1236 est,
529 1178 557 1225 et
570 1173 718 1223 maximum
727 1170 855 1223 dioecesis
869 1172 1016 1236 negotium.
1028 1171 1096 1236 Cap.
1113 1172 1129 1222 i
1146 1176 1173 1222 et
1182 1171 1206 1234 5,
1230 1165 1231 1200 l

176 1243 211 1296 de
227 1243 344 1310 hisquae
358 1245 427 1295 liunt
448 1244 588 1296 aPraelat.
603 1246 641 1295 nt
657 1245 721 1310 jure
734 1257 803 1294 novo
822 1257 856 1295 ex
875 1242 1069 1294 consuetudine
1087 1242 1207 1308 legitime
1230 1227 1231 1286 i

176 1316 335 1380 praescripta
348 1315 422 1366 solus
433 1315 577 1381 episcopus
587 1314 728 1367 vicarium
738 1313 904 1366 constituere
917 1318 1012 1380 potest.
1029 1313 1165 1366 Strozzius
1174 1313 1207 1364 de
1230 1331 1231 1348 ¹

177 1386 237 1438 Vic.
248 1386 339 1450 Episc
355 1385 372 1436 l.
382 1387 406 1450 t,
422 1399 448 1454 q.
464 1388 504 1450 55,
517 1400 546 1437 u.
560 1386 631 1440 ta·
643 1387 679 1452 (3)
694 1387 735 1439 De
753 1386 805 1438 hoc
818 1385 953 1438 videndus
964 1387 1057 1438 auctor
1066 1384 1206 1438 analdus.
1230 1437 1231 1460 ,

177 1458 255 1510 Pont
270 1471 324 1510 ser.
340 1459 364 1520 3,
376 1471 438 1524 pag.
454 1457 511 1509 90t.
1230 1461 1231 1520 )

213 1630 276 1686 tol.
304 1627 507 1687 assumendus
528 1626 559 1687 in
581 1625 728 1688 vicarium
755 1626 928 1688 Generalem
951 1624 982 1684 iu
1002 1623 1206 1700 spiritualibus

177 1715 267 1776 debet
289 1732 373 1776 essse
397 1715 524 1777 clericus
547 1717 653 1776 saltem
673 1716 770 1792 prima
790 1722 916 1776 tonsura
933 1713 1065 1774 initiatus
1081 1717 1133 1789 (t),
1147 1731 1204 1774 non

178 1806 366 1880 coniugatus,
382 1821 444 1865 non
455 1804 601 1881 bigamus,
617 1807 729 1878 laurea,
739 1807 787 1865 vel
805 1804 923 1865 lieentia
937 1804 1047 1880 injure
1060 1804 1204 1864 canonico
1230 1799 1231 1860 i

178 1892 306 1952 donatus
320 1896 372 1966 (l),
387 1893 481 1953 astatis
504 1911 652 1954 annorum
667 1893 912 1970 vigintiquinque
925 1893 1125 1970 inceptorum,
1138 1891 1205 1951 licet

178 1981 277 2040 adhuc
297 1981 468 2057 provectior
487 1989 560 2042 astes
582 1981 620 2042 sit
637 1981 834 2042 desideranda
852 1981 891 2042 ad
904 1981 1078 2059 sapientiam
1092 1988 1123 2042 et
1136 1998 1204 2058 pru·

179 2070 310 2130 dentiam
334 2076 417 2130 tanto
441 2069 559 2130 muneri
582 2071 781 2131 necessariam
808 2071 986 2131 firmandam
1007 2074 1072 2142 (3).
1098 2070 1155 2131 Sed
1180 2069 1203 2129 si
1230 2067 1231 2110 ἒ

179 2158 285 2219 ordine
309 2159 535 2237 presbyteratus
558 2176 620 2219 nou
641 2159 678 2220 sit
691 2159 849 2237 insignitus
871 2177 908 2220 ea
926 2158 1077 2236 explicare
1095 2159 1201 2236 nequit,
1230 2157 1231 2232 J

180 2265 247 2326 quae
270 2250 308 2308 ad
331 2249 430 2310 lorum
452 2247 656 2326 poenitentiale
683 2251 863 2325 referuntur,
886 2248 930 2308 uti
954 2253 1001 2310 est
1017 2247 1163 2309 absolutio
1187 2263 1204 2306 a
1230 2297 1231 2300 ,

179 2336 311 2414 peccatis
323 2343 376 2412 (4).

215 2427 258 2486 dd
271 2425 374 2486 vicarii
383 2443 492 2486 munus
505 2425 616 2486 assumi
628 2425 731 2502 nequit
744 2431 862 2500 Rector,
878 2432 930 2487 aut
944 2426 1101 2488 Professor
1114 2425 1199 2488 Semi·

180 2514 266 2589 narii,
281 2531 320 2575 ne
333 2515 522 2575 abstrabatur
543 2531 647 2574 ecura
661 2514 839 2576 clericorum
858 2518 911 2590 (5),
927 2514 1142 2591 stragulariter
1152 2519 1199 2575 Pa·
1230 2505 1231 2526 ³

181 2605 303 2676 rochus,
319 2621 358 2664 ne
374 2603 565 2664 abstrahatur
584 2620 602 2662 a
619 2620 691 2663 cura
712 2603 878 2664 animarum
899 2607 950 2678 (7),
971 2601 1202 2664 poenitentiarius
1230 2595 1231 2666 J

182 2693 330 2770 Episcopi,
353 2709 392 2752 ne
413 2692 444 2751 iu
473 2690 572 2751 officio
599 2691 738 2751 audiendi
760 2691 963 2752 confessiones
986 2692 1138 2768 delinquat
1154 2694 1199 2762 (l),

183 2780 336 2858 ¹ltegularis
349 2779 515 2858 prasertim
527 2797 566 2839 ex
578 2779 683 2839 ordine
696 2781 940 2855 mendicantium,
956 2797 994 2841 ne
1004 2781 1113 2841 habeat
1126 2785 1201 2840 extra
1230 2843 1231 2850 ¹

162 2871 353 2932 *clausarum
381 2867 508 2945 vagandi
525 2868 716 2928 occasionem
743 2872 798 2942 (8),
823 2873 933 2942 Frater,
955 2875 1006 2928 aut
1032 2874 1131 2945 Nepos
1142 2865 1200 2942 Epi·

185 2958 279 3035 scopi,
302 2976 340 3019 ne
351 2957 487 3018 rideatur
501 2955 666 3034 Episcopus
680 2955 888 3033 jurisdictione
899 2957 1066 3034 gratificare
1080 2973 1159 3029 suos,
1176 2959 1200 3014 et

185 3048 307 3108 demum
321 3045 454 3118 civisne
466 3052 589 3123 propter
602 3045 731 3121 partium
743 3046 840 3105 studia
856 3045 981 3106 subditis
994 3047 1033 3107 sit
1046 3049 1199 3122 suspectus,
1230 3081 1231 3112 ,

185 3144 220 3196 ut
233 3135 366 3196 definivit
387 3135 564 3197 Benedictus
577 3139 639 3194 illll
656 3134 686 3193 in
706 3135 827 3210 synodo
841 3140 974 3196 Romana
990 3139 1032 3210 (9)
1046 3136 1093 3195 his
1103 3131 1199 3194 verbis.

187 3225 358 3302 «Episcopi
377 3231 522 3300 praeterea
535 3225 566 3282 in
586 3222 717 3284 vicarios
735 3225 893 3284 Generales
913 3241 984 3285 suos
1004 3247 1016 3276 o
1033 3225 1146 3297 fratres,
1159 3225 1200 3281 ant
1230 3289 1231 3298 ¹

186 3321 323 3391 nepotes,
337 3321 388 3374 aut
401 3311 530 3391 propriae
543 3312 726 3390 Episcopalis
739 3311 822 3372 urbis
834 3311 915 3372 cives
928 3329 991 3372 nou
1005 3311 1197 3388 eligantitltl.
1230 3337 1231 3390 3

219 3452 361 3516 (llIiaicus
370 3451 554 3504 ecclesiastiea
563 3450 796 3516 negotiatractare
806 3437 859 3502 uon
869 3451 1044 3517 potesttlap.
1052 3453 1078 3514 2,
1088 3447 1197 3516 dejudic.
1230 3427 1231 3516 i

189 3523 222 3576 In
237 3524 370 3588 Hispania
382 3526 473 3574 tamen
490 3521 571 3572 debet
592 3535 652 3573 essa
673 3523 788 3574 clericus
806 3535 881 3574 sacro
899 3523 1103 3589 presbyteratus
1119 3520 1198 3574 ordine

190 3596 345 3661 insignitus.
359 3595 420 3648 Bul.
430 3593 508 3647 Decet
523 3591 676 3648 Romanum
690 3593 837 3662 Clementis
850 3594 928 3648 Vlll.
938 3622 969 3633 -
981 3595 1018 3660 (2)
1031 3596 1129 3648 Contra
1140 3593 1197 3644 hanc
