2490 4088
336 207 338 221 '
443 205 601 260 -107-

31 328 171 395 tonsuram,
183 321 364 398 ordinesque
374 323 507 383 minores
519 323 651 400 quolibet
664 323 694 384 in
707 324 776 383 loco
794 324 930 398 honesto,
946 324 1035 384 etiam

31 415 96 468 cuna
107 409 269 472 ecclesiam
283 427 372 487 posse
386 412 533 486 conferri3
543 411 664 472 ordines
676 429 749 472 vero
763 409 893 488 maiores
905 429 967 491 non
980 411 1036 472 nisi

31 498 189 572 eccclesia,
207 498 259 558 ubi
274 500 432 576 episeopus
445 517 565 562 sacrum
584 499 664 561 facit.
682 501 784 573 Quoad
800 508 917 578 tempus
930 501 1036 578 adjum-

31 587 115 662 giuus
127 586 261 664 primam
273 593 428 649 tonsuram
447 605 537 665 posse
560 589 699 665 conferri,
725 590 857 666 quolibet
870 590 918 652 die
932 595 993 651 tam
1006 591 1038 650 in

31 689 107 748 nane,
116 693 209 752 quam
223 677 254 736 in
267 693 391 754 vespere
403 696 410 751 3
426 678 546 738 ordines
560 677 692 739 minores
701 685 816 740 tantum
828 679 859 739 in
874 697 962 740 mane
975 679 1037 740 die-

31 761 73 823 bns
83 765 252 837 Dominicis,
269 774 320 826 aut
329 767 454 841 festivis,
470 766 540 828 licet
560 784 600 827 ex
622 768 1038 846 consuetudinequandoque

32 855 201 914 conterantur
214 855 247 914 in
264 872 390 932 vespere
404 856 484 917 feriae
498 862 592 917 sextae
612 857 809 934 praecedentis
822 857 1040 919 ordinationem

32 933 124 993 sabbati
138 941 197 1009 <l);
222 941 254 996 et
275 935 396 996 ordines
421 937 551 1012 maiores
571 942 688 997 tantum
710 936 740 996 in
760 937 890 998 sabbatis
912 944 1040 1014 quatuor

34 1027 192 1098 temporum,
206 1025 239 1084 in
254 1025 378 1086 sabbato
391 1025 429 1086 de
443 1026 592 1102 passione,
612 1033 642 1086 et
662 1025 693 1086 iu
716 1027 841 1087 sabbato
855 1034 968 1102 sancto,
983 1025 1040 1086 nisi

35 1108 154 1172 habeatur
167 1113 302 1192 speciale
317 1118 346 1174 S.
372 1113 456 1174 Sedis
479 1113 626 1176 indultum
640 1115 697 1175 alie
710 1115 758 1174 die
772 1115 908 1176 ordinem
922 1131 1042 1175 sacrum

35 1201 194 1276 conterendi,
211 1203 295 1278 quod
309 1209 526 1279 estrotcmporo
537 1202 680 1279 appellari
690 1203 767 1264 solet
778 1207 828 1278 (ἲ).
840 1208 933 1275 Quam
943 1204 1042 1280 legem

36 1286 175 1351 siriolaret
196 1291 359 1367 episcopus
379 1297 527 1367 potestate
547 1291 687 1352 ordinum
710 1293 960 1354 conferendorum
980 1292 1042 1368 pri-
1113 1306 1118 1313 ’

36 1377 128 1437 candus
140 1386 235 1454 esset,
249 1385 280 1439 et
294 1379 337 1439 sic
348 1377 475 1439 ordinati
490 1385 646 1440 manerent
670 1379 737 1456 ipso
756 1380 824 1458 jure
846 1381 884 1440 ab
904 1380 1043 1442 ordinum

37 1466 156 1528 exercitio
170 1468 312 1543 suspensi
321 1472 372 1542 (3).
383 1473 519 1530 Attamen
531 1468 556 1528 si
568 1468 715 1530 ordinatio
730 1469 875 1530 habeatur
896 1469 1043 1545 generalis

38 1554 146 1617 Ecclesia
160 1557 472 1634 praecipitaremus
486 1557 692 1620 ordinationes
707 1558 814 1622 eodem
826 1558 885 1635 die,
900 1563 1044 1636 quantum

37 1640 85 1704 ieri
94 1651 202 1722 potest,
218 1652 408 1724 peragantur.

60 1817 89 1884 (l)
100 1820 181 1874 Sacra
193 1823 286 1874 tamen
300 1821 477 1890 congregatio
487 1823 598 1877 Rituum
609 1837 663 1876 nen
674 1822 779 1876 videtur
790 1822 860 1876 hanc
869 1823 1043 1876 consuetudi-

39 1893 229 1957 neuprobarc:
254 1906 318 1944 nam
340 1894 515 1960 interrogata,
529 1909 564 1946 an
582 1895 644 1948 data
661 1895 789 1948 facultate
808 1895 939 1963 Episcopo
953 1897 1044 1948 confa-

40 1961 99 2014 rendi
112 1965 222 2018 ordines
234 1979 327 2017 sacros
337 1966 435 2018 diebus
449 1967 562 2030 festivis,
572 1968 658 2032 possit
667 1968 729 2019 illos
738 1967 860 2018 conferre
872 1968 1045 2036 diebusApo·

41 2034 158 2100 stolorum,
173 2036 337 2102 eaeterisque
350 2038 427 2090 festis
436 2052 486 2104 per
500 2038 526 2090 S.
541 2039 638 2090 Sedena
648 2039 805 2104 abrogatis?
819 2038 853 2090 Et
866 2040 946 2090 etiam
961 2053 996 2089 an
1010 2039 1044 2090 li-

41 2109 87 2154 coat
97 2105 138 2160 his
154 2108 258 2160 diebus·
273 2108 393 2161 conterre
409 2110 517 2162 ordines
532 2111 669 2162 minores?
689 2108 855 2175 Respondit:
873 2109 1046 2175 Affirmuliue

43 2174 69 2226 cd
80 2177 197 2242 primum
210 2182 327 2245 partem,
345 2182 370 2234 ct
386 2180 470 2234 ctiam
483 2180 520 2233 ud
530 2180 684 2246 seeundum,
697 2181 743 2234 sed
754 2193 834 2233 mono
848 2183 964 2234 tantum.
980 2181 1047 2232 Haec

42 2252 162 2312 responsio
181 2251 247 2302 data
260 2251 313 2303 fuit
332 2251 377 2304 die
399 2252 426 2303 12
445 2253 600 2305 novembris
623 2253 691 2306 1851.
710 2281 741 2291 -
753 2252 790 2318 (i)
808 2252 871 2318 Cap.
886 2252 901 2303 3
915 2251 948 2304 dc
962 2255 1044 2318 temp.

41 2319 169 2388 ord-(3)
185 2323 252 2390 Gap.
264 2323 280 2374 i
293 2322 419 2377 etdood.

67 2537 106 2595 tl.
125 2537 210 2597 Idem
226 2535 336 2596 modus
349 2529 471 2610 respicit
485 2529 605 2610 quoque
618 2533 838 2594 successionem
849 2531 880 2592 in
893 2531 1047 2593 ordinibus

41 2621 204 2699 recipiendis
217 2621 406 2697 servandam,
425 2621 466 2682 ita
478 2622 564 2682 uide
580 2620 689 2682 minori
710 2622 888 2682 ascendatur
900 2621 939 2680 ad
952 2623 1047 2698 majo-

41 2722 100 2785 rem,
113 2714 198 2773 naulo
211 2711 317 2772 ordine
330 2725 384 2786 per
398 2712 506 2770 saltum
523 2709 704 2784 intermisso,
716 2711 854 2787 lectaque
864 2709 941 2769 inter
953 2727 1048 2771 unum

42 2797 175 2877 aliumque
193 2798 329 2861 ordinem
351 2797 452 2858 debito
474 2800 618 2874 temporis
636 2797 803 2872 interstitio,
819 2815 879 2873 quo
896 2798 1048 2859 ordinatus

42 2889 136 2949 ordinis
148 2887 333 2964 suscipiendi
346 2886 466 2962 pondus
476 2892 507 2946 et
520 2887 692 2962 dignitatem
705 2885 800 2962 possit
818 2903 993 2962 agnoscere,
1007 2886 1048 2946 si·

37 2979 145 3054 mulque
157 2978 190 3038 in
204 2976 310 3037 ordine
323 2980 464 3050 suscepto
477 2973 534 3034 rite
555 2992 588 3035 se
607 2976 704 3035 valeat
721 2992 874 3036 exercere.
895 2975 1009 3036 {donno
1023 2977 1050 3035 si

42 3065 93 3138 quis
101 3085 154 3144 per
161 3067 270 3127 saltum
283 3082 316 3126 se
326 3064 430 3125 lecerit
440 3079 628 3140 promovere,
641 3065 739 3140 aliquo
751 3065 855 3126 ordine
867 3065 1046 3140 intermisso,

42 3155 219 3230 suspensione
233 3153 381 3231 plectitur,
397 3171 415 3212 a
429 3171 498 3230 qua,
517 3153 543 3214 si
556 3170 618 3214 non
631 3153 853 3232 ministraverit,
868 3172 907 3216 ex
920 3153 1049 3230 legitima

42 3257 116 3304 causa
129 3243 257 3305 absolvit
270 3243 430 3319 episcopus
444 3246 454 3313 (
474 3246 496 3314 ).

68 3335 220 3395 lnterstitia
233 3333 372 3394 ordinum
385 3330 538 3393 minorum
559 3349 620 3392 non
633 3338 703 3393 sunt
714 3332 823 3408 injure
836 3333 966 3408 delinita,
981 3349 1048 3410 quae

41 3423 150 3494 proinde
173 3423 212 3482 ab
234 3421 367 3499 episcopi
380 3419 501 3498 ljudicio
522 3419 644 3482 omnino
662 3422 841 3499 dependent,
856 3427 890 3482 ut
906 3421 1050 3483 decernat

41 3512 108 3583 quod
127 3513 223 3589 magis
243 3511 275 3571 in
297 3509 421 3570 bomine
447 3511 591 3586 expedire
608 3509 735 3572 videtur.
755 3515 849 3572 Immo
863 3513 1049 3574 consuetudo

40 3597 92 3663 lere
102 3602 212 3680 ubique
225 3599 358 3678 invaluit,
370 3606 404 3661 ut
417 3599 477 3661 duo
490 3599 611 3661 ordines
621 3599 763 3676 minores,
774 3605 805 3661 et
819 3600 909 3662 etiam
922 3607 1049 3679 quatuor
