2490 4088
575 151 717 208 42..

132 268 200 330 cilio
220 269 279 331 sint
298 269 420 346 conditi,
449 272 547 332 adhuc
568 277 669 332 tamen
690 290 708 330 a
730 273 872 334 Pontidce
900 273 1078 350 procedunt,
1106 273 1159 352 qui

131 358 231 435 ipsum
252 361 411 422 concilium
431 361 517 437 regit,
538 367 628 438 atque
651 362 818 437 confirmat,
842 369 876 424 ut
897 367 1060 439 supremus
1075 363 1158 424 Prin-

132 464 214 524 ceps,
234 455 264 510 et
284 457 373 527 caput
394 467 463 509 oum
482 450 653 526 plenissimo
666 451 798 524 honoris,
814 457 844 512 et
861 452 1078 528 jurisdictionis
1097 453 1158 528 pri·

129 544 212 597 matu
231 539 407 600 universalis
430 539 568 599 Ecclesiae
591 546 653 598 tarn
674 539 868 614 distributive,
890 557 981 617 quam
1000 542 1157 603 collective

130 637 265 703 sumpta.
290 629 372 688 Unde
400 632 429 687 S.
452 629 611 704 Gregorius
636 634 714 705 Papa
738 635 866 706 quatuor
892 631 987 707 prima
1007 631 1158 708 generalia

128 715 263 789 concilia,
280 734 386 793 nempe
404 718 567 791 Nicaeuum,
590 717 955 795 constantinopolitanum,
975 719 1158 796 Ephesinum

126 806 266 882 primum,
281 813 311 866 et
325 807 553 880 calcedonense,
569 807 645 867 siout
659 814 789 884 quatuor
812 808 1040 884 Evangeliorum
1062 809 1157 870 libros

124 913 159 956 se
173 903 234 956 tota
245 896 404 969 devotione
417 897 580 973 suscipere,
596 905 626 956 et
640 897 788 973 amplecti,
799 905 829 959 et
842 898 1034 974 integerrima
1047 915 1156 975 appro

125 985 245 1047 batione
259 1003 292 1046 se
306 987 468 1061 custodire,
484 993 514 1048 et
526 987 663 1047 venerari
678 989 787 1048 latetur
799 992 852 1062 (l).

156 1139 192 1203 (l)
207 1139 271 1192 Gan.
284 1135 358 1192 Sicut
373 1135 469 1192 Sancti
481 1141 505 1191 2.
520 1139 582 1190 dist.
600 1137 644 1200 15;
662 1141 689 1190 at
701 1139 752 1191 hoc
763 1141 888 1192 Pontifex
902 1141 1027 1206 affirmat,
1038 1143 1104 1208 quia
1124 1143 1154 1194 in

123 1210 165 1262 his
180 1212 262 1262 veluti
282 1211 309 1262 in
327 1210 458 1276 quadrato
474 1211 564 1276 lapide
588 1213 689 1261 sauctae
705 1211 767 1262 fidei
794 1216 930 1264 structura
955 1213 1103 1279 consurgit,
1126 1217 1155 1266 ot

123 1283 268 1348 cujuslibet
279 1283 351 1345 vitaep
365 1287 391 1333 et
405 1283 518 1333 actionis
531 1296 626 1332 norma
636 1283 767 1334 consistit.
779 1283 855 1335 Idem
868 1285 1007 1336 confirmat
1020 1286 1153 1337 Innocen-

124 1355 177 1406 tius
190 1355 242 1417 111,
255 1354 284 1404 in
297 1367 355 1421 cap.
372 1354 408 1406 ΙΙ.
424 1353 604 1417 datianum,
619 1356 647 1406 et
663 1353 809 1420 imperator
821 1356 994 1409 lustiniauus
1004 1358 1032 1407 iu
1046 1356 1147 1410 Novel.

125 1425 179 1478 1³1.
194 1440 218 1478 c.
233 1425 257 1476 i.
652 1447 655 1464 ι

157 1622 201 1678 at.
221 1623 346 1680 Decreta
373 1621 452 1694 inde,
477 1625 507 1680 et
528 1619 661 1695 leges'in
685 1619 812 1678 concilio
835 1618 1011 1679 Provinciali
1031 1620 1151 1680 sancita

121 1702 255 1768 subditos
270 1715 384 1770 tantum
408 1710 539 1786 obligant
552 1710 629 1768 intra
648 1709 755 1769 limites
776 1709 939 1785 provinciae
961 1709 1148 1771 existentes:

120 1815 176 1857 nec
189 1799 289 1873 refert,
313 1799 394 1875 quod
412 1798 582 1874 huiusmodi
609 1798 735 1858 concilia
755 1816 810 1875 per
828 1803 858 1859 S.
881 1798 1150 1873 congregationem

119 1894 391 1962 recognoscantur3
416 1888 485 1964 quia
504 1888 612 1949 revisio
635 1906 672 1948 eo
697 1894 813 1948 tantum
830 1888 891 1948 line
904 1887 1000 1961 datur,
1016 1894 1050 1947 ut
1070 1887 1151 1948 intra

117 1975 310 2051 provinciam,
327 1994 389 2037 non
401 1994 473 2037 vero
487 1982 582 2051 extra,
596 1977 804 2039 executionem
818 1977 970 2036 obtineant
983 1979 1033 2050 (l).
1063 1977 1149 2049 Quod

118 2065 142 2124 si
160 2067 228 2125 loca
249 2067 385 2142 quaedam
408 2067 546 2128 similium
566 2066 763 2127 conciliorum
785 2066 816 2124 in
836 2066 988 2126 codicibus
1011 2071 1149 2134 Decreta·

117 2153 198 2229 lium,
214 2161 247 2214 ut
260 2157 342 2231 leges
356 2159 509 2231 generales
522 2155 670 2217 recensita
682 2155 883 2232 reperiuntur,
899 2173 960 2215 non
974 2175 993 2216 a
1006 2156 1145 2232 concilio,

117 2245 202 2304 seda
216 2244 358 2305 Pontifice
371 2246 432 2305 vim
445 2252 679 2323 consequuntur,
697 2245 748 2321 qui
762 2245 861 2304 omnia
875 2262 929 2305 sua
942 2246 1022 2319 facit,
1037 2247 1147 2322 quibus

116 2350 201 2394 suam
211 2332 378 2409 impertitur
393 2335 608 2395 auctoritatem.
624 2341 718 2412 Leges
732 2335 864 2394 similitor
878 2334 909 2394 in
924 2334 1050 2394 concilio
1065 2334 1143 2396 nioe-

114 2439 224 2482 cesano
252 2423 339 2483 editae
360 2426 441 2484 solos
464 2425 652 2485 dioecesanos
681 2425 823 2500 obligant,
845 2441 901 2515 pro
933 2423 1042 2500 quibus
1074 2430 1146 2485 sunt

114 2513 191 2586 latae,
206 2519 239 2572 ut
252 2514 333 2589 leges
356 2531 374 2572 a
397 2531 584 2590 quacumque
596 2515 774 2574 auctoritate
786 2513 955 2574 constitutae
969 2515 1051 2573 solos
1068 2516 1144 2575 obli-

114 2607 186 2676 gant
199 2602 335 2662 subditos
348 2603 377 2662 in
390 2602 512 2679 proprio
527 2603 677 2663 territorio
692 2604 865 2677 existentes
888 2618 958 2663 cum
980 2619 1019 2662 ex
1037 2605 1143 2679 regula

110 2688 185 2766 jmis
208 2697 294 2751 extra
317 2691 497 2754 territorium
517 2693 567 2770 jus
588 2692 699 2753 dicenti
722 2709 781 2752 non
794 2698 935 2768 pareatur
949 2691 1096 2768 impune(
1117 2699 1140 2766 ).

112 2779 226 2839 Idcirco
253 2783 336 2858 leges
362 2782 502 2842 Ecclesia
527 2785 683 2859 generales
714 2782 845 2857 obligant
877 2789 983 2842 omnes
1011 2782 1139 2856 fideles,

111 2871 194 2945 leges
213 2886 285 2930 vero
305 2870 501 2946 particulares
515 2873 652 2932 locorum
666 2887 720 2939 eos
732 2875 848 2930 tantum
860 2870 1037 2947 regulariter
1063 2871 1142 2930 obli-

111 2964 192 3034 gant,
209 2959 259 3036 qui
272 2958 481 3034 deterritorio,
501 2966 531 3020 et
553 2959 584 3018 in
596 2958 746 3019 territorio
761 2958 939 3035 legislatoris
950 2965 1022 3019 sunt
1050 2962 1103 3032 (3).

143 3116 178 3182 (l)
194 3115 252 3167 Hac
266 3116 300 3168 da
313 3130 343 3168 re
362 3130 456 3168 avaro
470 3115 642 3168 vehementer
656 3117 795 3181 aberrant,
808 3117 856 3183 qui
870 3116 943 3181 leges
958 3116 1065 3168 concilii
1080 3117 1139 3170 Na-

110 3187 218 3240 tionalis
232 3191 360 3254 anquam
374 3188 448 3252 leges
465 3187 633 3239 universales
649 3187 873 3254 habentemque
888 3188 922 3240 ab
943 3189 1141 3254 approbatione

110 3259 213 3312 Summi
228 3259 363 3309 pontilicis
380 3257 509 3309 eximunt.
525 3258 673 3324 Propterea
687 3261 782 3312 merito
797 3259 949 3324 reprobata,
965 3268 993 3310 et
1008 3259 1140 3312 damnata

108 3329 159 3380 suit
176 3343 292 3394 sequens
305 3330 467 3395 propositio:
484 3328 638 3382 Notionutt's
656 3330 763 3384 conatii
781 3329 903 3396 definitio
924 3329 1029 3383 nullum
1051 3330 1140 3384 otiam

109 3398 232 3452 admittit
241 3399 459 3465 disputationem,
470 3399 606 3466 civilisque
621 3400 892 3456 adminstrationis
902 3401 939 3457 ed
951 3400 1026 3454 bosca
1039 3402 1137 3455 termi-

107 3485 155 3526 nos
168 3470 271 3536 eripere
285 3474 380 3538 potest.
395 3470 497 3536 Syllab.
521 3484 597 3538 prop.
613 3473 653 3523 36.
667 3501 698 3510 -
712 3473 747 3538 (2)
763 3473 827 3538 cap.
842 3473 866 3524 2.
884 3472 918 3524 da
932 3473 1039 3524 constit.
1058 3473 1085 3524 in
1105 3474 1135 3524 6.

107 3571 138 3582 -
155 3543 188 3608 (3)
205 3541 275 3595 Hinc
292 3543 471 3595 communiter
486 3543 615 3596 Doctores
628 3543 746 3607 tradunt,
763 3545 922 3610 peregrinos
940 3558 996 3596 non
1009 3543 1136 3610 obligari
