2546 4082
602 243 761 305 400..

173 370 383 434 manicationis
397 371 551 444 effectum,
568 367 624 428 nisi
637 373 668 428 et
681 366 739 428 alia
759 367 893 442 accedat,
915 383 973 444 qua
987 367 1074 428 homo
1087 383 1188 428 moon·

173 462 288 522 ciliatur
300 458 440 522 Ecclesiae
454 465 508 534 (2).

210 555 242 611 la
263 566 389 610 censura
411 547 447 609 ab
473 547 593 608 bocum
614 564 669 624 par
695 546 874 608 sententiam
891 547 1003 607 inflicta
1026 546 1192 624 regulariter

175 639 321 716 absolutio
344 636 442 698 danda
465 644 512 698 est
532 637 571 696 ob
596 654 643 710 en,
671 637 722 713 qui
747 653 905 697 censuram
927 636 1002 705 tulit,
1022 644 1073 696 aut
1085 637 1122 695 ab
1132 639 1190 712 ejus

175 745 359 799 successore,
373 734 425 787 aut
443 743 499 803 per
512 725 753 802 appellationem,
767 725 814 784 vel
836 727 991 800 querelam
1008 725 1047 784 ob
1067 726 1129 802 ejus
1144 742 1185 783 su·

175 816 303 894 periore,
326 817 396 892 quia
418 832 538 892 semper
558 813 730 890 intelligitur
750 819 904 873 reservata
925 814 990 888 ejus
1013 814 1136 887 auctori,
1147 815 1187 872 vel

176 903 332 982 superiori.
347 904 476 964 Dicimus
491 903 746 980 percontantium,
763 901 832 978 quia
846 901 871 961 si
885 901 922 960 sit
939 901 1061 976 inflicta,
1083 919 1135 979 per
1145 919 1188 978 ge·

176 995 277 1054 uenale
291 999 445 1066 statutum,
461 999 491 1052 et
504 1009 565 1051 non
580 992 618 1052 sit
637 997 800 1062 reservata,
816 1007 835 1049 a
848 993 1039 1066 quocumque
1053 992 1194 1050 conlassa-

176 1082 223 1142 rio
237 1099 294 1158 pro
316 1082 383 1142 loro
405 1081 524 1141 interno
542 1081 629 1157 juxta
647 1079 805 1156 jamdicta
817 1095 952 1139 censurae
971 1079 1118 1140 absolutio
1139 1077 1198 1138 dari

177 1176 286 1248 potest.
312 1175 344 1231 ln
369 1187 494 1230 censura
506 1187 580 1230 vero
601 1187 620 1229 o
636 1170 718 1245 jura,
733 1169 758 1228 si
773 1185 833 1228 uon
846 1175 892 1228 est
905 1175 1067 1242 reservata,
1084 1167 1199 1246 quilibet

178 1259 379 1321 confessarius
392 1275 449 1335 pro
463 1260 531 1320 loro
544 1258 662 1318 interno
681 1257 806 1317 absolvit
825 1261 883 1331 (3),
907 1258 952 1317 sin
971 1275 1060 1318 secus
1079 1257 1200 1318 absolvit

179 1355 294 1410 tautum
316 1348 375 1423 ille,
400 1348 449 1408 cni
471 1348 525 1407 luit
546 1353 709 1420 reservata,
730 1353 782 1406 aut
803 1363 972 1426 successor,
988 1353 1039 1408 aut
1058 1345 1199 1423 superior,

180 1445 308 1514 excepto
322 1437 428 1497 mortis
444 1437 580 1507 articulo,
604 1437 633 1495 in
649 1453 709 1511 quo
723 1435 845 1512 quilibet
857 1433 998 1494 sacerdos
1014 1435 1054 1494 ab
1068 1436 1203 1494 omnibus

180 1526 324 1600 censuris,
352 1531 383 1587 et
403 1525 536 1602 peccatis
557 1525 683 1585 absolvit
700 1528 753 1597 (tp
777 1529 807 1583 et
831 1529 958 1598 excepto
984 1539 1058 1582 casu
1083 1523 1203 1599 alicujus

178 1614 495 1692 magnae,etu1·gentis
510 1613 697 1674 necessitatis
714 1617 766 1687 (5),
780 1612 810 1671 in
824 1629 882 1688 quo
897 1611 1062 1688 Episcopus
1079 1631 1098 1672 a
1113 1619 1202 1688 Papa-

179 1703 258 1766 libus
281 1704 415 1764 censuris
437 1703 573 1776 absolvit,
594 1708 626 1762 ut
647 1719 703 1762 suo
718 1703 788 1762 loco
802 1702 988 1774 adnotamus,
1004 1700 1087 1776 qnod
1100 1701 1205 1761 intelli-

180 1792 279 1868 gimus
292 1792 330 1852 de
344 1791 462 1852 casibus
476 1790 619 1865 notoriis,
636 1807 705 1851 nam
719 1791 749 1851 in
774 1791 899 1851 occultis
917 1789 1086 1866 delegatam
1104 1808 1123 1851 a
1140 1793 1205 1868 jure

182 1881 272 1942 habet
285 1882 491 1942 auctoritatem
506 1884 558 1954 (6).

211 2015 249 2080 (l)
261 2014 381 2066 censure
394 2027 449 2064 non
462 2012 584 2063 aufertur
594 2024 645 2076 per
658 2011 875 2076 resipiscentiam
892 2011 941 2073 rei,
955 2023 1043 2076 neque
1059 2025 1111 2077 per
1124 2013 1201 2064 satis·

181 2086 324 2138 factionem
350 2085 441 2135 datam
461 2084 534 2148 parti
557 2083 643 2144 lassae,
667 2095 755 2148 nequa
776 2096 826 2148 per
847 2083 1031 2147 juramentum
1053 2083 1088 2134 de
1112 2084 1205 2134 stando

181 2156 318 2208 mandatis
334 2155 473 2217 Ecclesiae,
488 2169 576 2220 nequa
589 2168 639 2220 per
652 2157 765 2206 mortem
782 2157 837 2204 tam
853 2151 999 2216 consumti,
1011 2167 1095 2218 quam
1112 2169 1205 2206 censu·

183 2228 278 2280 rantis.
288 2227 352 2292 Cap.
366 2227 396 2278 38
410 2227 444 2278 da
455 2230 523 2278 sent.
536 2239 637 2278 excom.
648 2253 675 2262 -
686 2226 722 2290 (2)
736 2226 794 2276 Hor.
806 2238 900 2276 varum
915 2229 956 2276 est
969 2225 1079 2289 quande
1094 2239 1207 2277 censura

184 2303 225 2352 est
240 2299 359 2364 publica,
374 2301 401 2349 et
415 2297 529 2360 notoria,
544 2310 601 2362 cap.
620 2294 653 2348 28
671 2297 705 2348 de
722 2304 790 2348 sent.
812 2309 923 2358 excom,
938 2297 1091 2361 siquando
1109 2298 1206 2348 lactum

183 2371 358 2424 criminosum
370 2369 406 2430 ,ad
421 2369 510 2420 lorum
526 2374 665 2420 externum
679 2367 824 2418 deductum
836 2367 895 2418 fnit.
912 2367 941 2418 si
957 2380 1022 2421 vero
1036 2381 1154 2419 censura
1173 2369 1207 2420 sit

184 2441 298 2506 occulta,
313 2440 454 2492 absolutus
470 2439 662 2491 acculessario
678 2439 750 2489 licita
763 2451 792 2490 se
806 2438 877 2502 gerit
891 2437 919 2488 iri
934 2438 992 2489 loro
1007 2441 1121 2490 externo
1139 2445 1205 2490 tam-

183 2527 265 2580 quam
281 2511 361 2578 plene
381 2513 532 2577 absolutus,
552 2511 616 2576 quia
638 2510 771 2562 absolutio
788 2523 837 2576 pro
858 2509 915 2561 lore
939 2509 1045 2560 interno
1071 2511 1154 2562 datur
1175 2509 1207 2561 ad

183 2583 364 2648 reparandam
386 2582 516 2634 offensam
538 2582 667 2646 divinam,
690 2587 717 2632 at
737 2581 765 2631 in
778 2581 837 2632 soro
850 2585 961 2632 externo
975 2581 1010 2630 ad
1027 2579 1206 2646 reparandam

184 2655 314 2708 offensam
332 2655 479 2720 publicam,
495 2667 557 2720 quae
570 2654 598 2704 in
618 2666 683 2704 casu
703 2651 807 2704 oc‘eulto
826 2651 902 2704 nulla
916 2656 964 2704 est.
981 2651 1162 2704 Reiffenstuel
1175 2653 1206 2703 de

185 2735 253 2780 sant.
271 2740 371 2778 excom.
384 2741 410 2777 n.
422 2725 477 2778 247.
488 2752 519 2764 -
528 2725 564 2790 (3)
577 2724 656 2776 Ratio
670 2728 720 2788 cst,
731 2724 795 2789 quia
808 2724 855 2774 ubi
871 2723 994 2775 conditor
1006 2723 1077 2788 legis
1088 2737 1207 2776 censurae

185 2798 382 2850 absolutionem
400 2811 455 2848 nou
468 2796 625 2858 reservavit,
643 2809 702 2846 eam
715 2795 841 2846 omnibus
855 2794 1027 2846 confessariis
1041 2797 1209 2847 concessisse

184 2869 300 2922 videtur.
317 2869 380 2934 Gap.
395 2869 427 2920 ‘29
441 2867 474 2919 da
489 2875 550 2920 sent
563 2881 664 2918 excom.
679 2895 710 2904 -
723 2865 842 2931 (buria
856 2879 924 2918 sess.
941 2865 979 2930 tl,
994 2878 1018 2916 c.
1028 2865 1053 2928 l,
1064 2864 1100 2916 de
1115 2867 1204 2931 poenit

185 2941 268 2992 Nulla
282 2944 403 2992 remanet
418 2939 566 2990 reservatio
582 2939 610 2988 in
624 2938 739 2990 articulo
754 2937 856 3000 mortis,
874 2951 910 2988 ne
929 2937 1070 2988 occasione
1088 2949 1203 2990 reserva·

186 3011 267 3063 ticms
281 3012 379 3076 aliquis
391 3011 419 3062 iu
433 3013 566 3062 aeternum
579 3013 679 3074 pereat.
697 3009 749 3062 Sed
762 3009 821 3060 haec
832 3009 901 3060 ratio
916 3008 1004 3060 locum
1015 3022 1072 3058 nou
1087 3008 1169 3061 habet
1179 3009 1207 3060 in

187 3083 382 3149 suspensione;
401 3085 429 3135 et
448 3081 509 3133 ideo
532 3081 673 3144 suspensio
696 3086 832 3132 reservata
853 3080 910 3130 tolli
931 3094 986 3130 non
1004 3084 1107 3145 potest,
1124 3081 1176 3132 nisi
1193 3094 1208 3131 a

187 3157 350 3212 reservante,
370 3152 451 3204 etiam
470 3152 498 3202 in
517 3152 611 3203 mortis
634 3150 757 3212 articulo,
777 3151 841 3216 quia
857 3151 915 3202 haec
936 3151 1076 3214 relaxatio,
1095 3165 1149 3203 nou
1170 3154 1209 3203 est

186 3224 348 3286 necessaria,
368 3229 399 3274 ut
420 3223 575 3274 necessaria
597 3226 639 3274 cst
660 3223 689 3274 iu
706 3222 988 3286 excommunicatione,
1009 3225 1035 3272 et
1057 3223 1205 3274 interdicto.

187 3293 418 3347 Exccmmnnicati
432 3297 522 3345 temen
538 3294 650 3358 vitandi,
665 3295 688 3346 si
703 3295 731 3344 in
747 3299 833 3344 morte
850 3293 928 3358 signa
941 3294 1111 3358 poeuitentiae
1128 3294 1206 3346 dede·
1224 3317 1226 3322 v

188 3367 250 3429 rint,
274 3365 363 3417 adhuc
385 3369 448 3416 sunt
469 3365 579 3430 publica
604 3365 774 3428 absolvendi,
799 3368 827 3416 et
850 3365 931 3416 etiam
955 3370 1162 3431 postmortem,
1180 3367 1207 3416 ut

188 3435 329 3502 sepultura
345 3435 537 3491 ecclesiastica.
549 3439 576 3488 st
589 3436 651 3488 aliis
661 3435 790 3488 Ecclesiis
804 3435 898 3486 officiis
908 3435 1002 3486 donari
1013 3438 1114 3501 queant
1127 3457 1134 3486 z
1148 3450 1205 3486 nam

188 3511 251 3573 post
265 3506 511 3558 reconciliationem
525 3521 585 3558 cum
600 3509 655 3558 Deo
669 3508 697 3557 in
715 3508 774 3558 loro
788 3507 903 3569 interno,
915 3507 1106 3558 reconciliandi
1123 3507 1206 3558 adhuc

189 3583 253 3632 sunt
270 3579 299 3629 iu
313 3583 423 3629 externo
437 3591 498 3628 cum
512 3577 641 3630 Ecclesia.
663 3578 727 3644 Gap.
747 3579 778 3630 28
799 3578 833 3628 de
853 3581 921 3628 sent.
943 3591 1046 3629 excom.
1061 3579 1116 3629 Rit.
1134 3577 1204 3630 Rom.

190 3650 231 3699 tit.
252 3647 293 3698 21.
311 3647 497 3699 Barrutlaldus
511 3649 545 3700 ad
559 3649 647 3700 eumd.
663 3649 703 3701 tit.
722 3676 753 3688 -
775 3649 810 3713 (5)
829 3649 913 3702 Casus
926 3662 1032 3715 maguae
1049 3654 1076 3702 et
1089 3651 1205 3716 urgentis
