2566 4102
576 197 696 256 -9-

123 319 335 396 comm‚qur'in
345 318 486 380 societate
495 319 866 398 coustitutalurisdictione
881 317 997 396 proditi
1006 324 1076 380 sunt
1085 322 1141 392 (2):

123 407 178 470 aliu
189 424 262 469 vero
275 407 454 469 delinitionis
466 409 559 469 rerba
571 409 657 470 faede
676 409 888 485 intelliguntur.
911 407 985 468 llinc
1001 424 1143 469 romanus

122 498 350 574 iurisconsultus
361 497 449 558 Gaim
460 497 567 573 aiebat,
578 500 627 576 jus
643 497 728 558 civile
742 515 808 559 esse
829 499 914 577 illud,
930 497 1141 579 quodcumque

121 595 247 673 pupulus
257 595 311 656 ab
320 595 471 656 totalitate
481 595 526 656 orl
538 613 656 673 mque
668 597 768 656 multus
780 596 835 657 sibi
847 598 1003 675 proprium
1010 595 1081 668 furit
1090 597 1141 669 (3).

122 689 281 762 Propterea
293 689 339 744 tot
351 691 422 743 sunt
432 685 499 760 jura
513 684 607 744 civilia
619 691 692 760 quot
701 693 770 746 suut
781 686 927 760 nationes,
936 687 984 746 rel
998 683 1143 756 civitates,

124 789 190 850 quoe
203 771 319 834 diverso
332 778 479 848 reguntur
490 773 566 848 iure.
582 772 641 833 Sed
650 789 719 832 cum
731 775 780 850 Jus
792 779 956 836 Romanum
964 787 1084 834 omnem
1092 770 1144 832 do

120 861 214 922 cuerit
227 867 386 937 Europam,
403 861 562 938 omniaque
572 861 642 939 iura
655 862 753 923 civilia
770 863 973 924 informaverit
991 869 1144 937 tamquam

123 951 317 1026 archetypum
326 949 403 1026 iuris
415 949 549 1012 habitum
561 968 680 1029 semper
694 952 759 1026 fuit,
774 959 805 1014 et
812 954 866 1030 jus
881 951 1145 1027 eommuaeappel·

123 1041 222 1100 latum
244 1044 290 1100 Ex
313 1055 375 1115 quo
391 1039 504 1100 facturn
525 1047 579 1114 est,
607 1048 640 1101 nt
659 1040 794 1117 plurimae
814 1059 854 1102 ex
874 1041 1008 1118 ejusdem
1027 1039 1143 1116 legibus

123 1128 231 1188 luerint
244 1128 282 1187 ab
296 1127 429 1187 Ecclesia
440 1130 621 1208 approbata,
637 1137 667 1190 et
678 1130 707 1188 in
723 1146 851 1190 censum
868 1145 1018 1191 canonum
1031 1129 1143 1200 relatae,

123 1224 151 1278 et
166 1217 372 1278 uteanonistae
387 1215 559 1292 indoleam,
574 1221 621 1279 vel
630 1219 661 1278 in
673 1218 866 1296 ambiguitate
887 1219 962 1295 legis
983 1217 1140 1278 ecclesias-

126 1307 190 1368 tiuae
203 1307 243 1368 ad
259 1307 343 1382 leges
366 1310 567 1368 Romanorum
585 1315 774 1369 recurrerent
785 1309 825 1368 ad
838 1324 958 1384 aequum
981 1313 1010 1367 et
1029 1307 1144 1382 justum

123 1396 333 1468 destruendum,
351 1397 399 1456 vel
413 1397 602 1471 servandum,
617 1397 695 1458 siem
711 1398 742 1458 in
765 1397 853 1474 praxi
866 1395 1002 1458 evenisse
1023 1399 1141 1454 constet

125 1503 162 1546 ex
176 1485 403 1547 canonistarum
416 1491 447 1546 et
456 1485 669 1548 lloralistamm
678 1487 816 1562 lectione,
832 1486 883 1562 qni
897 1491 966 1546 unte
979 1485 1039 1544 hoc
1051 1499 1146 1543 saecu-

126 1575 187 1636 lum
200 1571 349 1650 scripsere
365 1577 416 1648 (l).

156 1719 191 1782 (l)
209 1717 355 1783 Propterea
368 1715 437 1768 falsu
451 1719 501 1780 est,
516 1720 543 1769 et
557 1717 653 1770 merito
668 1718 795 1770 damnata
812 1717 920 1768 illorum
937 1715 1080 1774 sententia.
1104 1713 1151 1778 qul

128 1788 222 1841 docent
239 1788 313 1853 leges
325 1789 417 1840 civiles
431 1802 509 1852 posse
522 1793 549 1840 et
562 1790 663 1843 debere
677 1804 693 1840 a
708 1790 808 1855 divino,
823 1794 850 1840 et
863 1787 1047 1840 ecclesiastica
1058 1790 1150 1837 aucto·

128 1861 204 1912 ritate
220 1860 366 1911 declinare.
380 1859 480 1925 Syllab.
495 1873 571 1926 prop.
591 1853 674 1912 bij-
690 1862 724 1926 (i)
737 1861 839 1925 Legum
852 1859 1024 1911 terendorum
1034 1859 1152 1923 potestas

127 1945 177 1984 non
191 1931 322 1995 competit
334 1929 387 1982 nisi
401 1931 559 1983 auctoritate
568 1933 784 1997 jurisdictionem
796 1931 906 1983 habenti
921 1945 980 1982 curn
994 1927 1152 1996 praeemine-

128 2004 173 2068 tiu,
187 2005 216 2055 et
230 2003 376 2054 auctoritas
389 2015 444 2053 non
458 2007 499 2054 est
512 2003 628 2068 numeri,
643 2006 668 2056 et
683 2002 857 2056 materalium
877 2001 980 2054 virium
994 2011 1109 2062 marma,
1123 1999 1154 2047 ut

128 2075 251 2126 moderni
265 2073 409 2124 socialistae
419 2071 545 2135 etiamne
561 2075 608 2125 sed
621 2074 772 2140 imperium,
785 2077 833 2125 aut
842 2074 883 2124 vis
898 2071 1031 2137 superiori
1045 2081 1152 2133 eompa-

130 2149 196 2198 tcns
212 2145 316 2210 Syllab.
331 2157 409 2211 prop.
427 2144 466 2195 60.
483 2172 510 2181 —
526 2145 562 2212 (3)
577 2145 606 2196 L.
623 2146 646 2209 9,
657 2145 683 2196 il.
702 2146 735 2197 de
746 2147 814 2211 just.
829 2147 856 2196 et
871 2146 926 2210 jur.
944 2171 974 2180 -
990 2143 1024 2206 (l)
1037 2141 1087 2191 lus
1100 2140 1152 2191 llu-

129 2231 237 2268 munum
252 2215 371 2268 continet
395 2216 420 2266 l·
439 2213 523 2282 Lepos,
536 2217 563 2267 2⁰
576 2216 738 2279 Plebt'sm'stu,
763 2215 866 2267 scilicet
880 2214 1071 2276 ordinationes,
1086 2223 1154 2276 quas

128 2288 205 2352 plebs
218 2299 341 2350 romana,
354 2299 402 2338 suo
417 2287 537 2339 Tribuno
550 2290 740 2352 interrogante,
756 2287 808 2338 sibi
823 2287 1013 2342 constituebat,
1027 2297 1088 2350 quae
1103 2283 1154 2347 pri-

128 2359 209 2411 mitus
222 2358 380 2424 obligabant
392 2361 497 2409 tantum
517 2358 639 2424 plebem,
659 2359 706 2410 sed
721 2358 817 2410 deinde
832 2361 911 2410 etiam
926 2357 1054 2419 Quirites.
1070 2357 1094 2405 3·
1108 2349 1153 2406 Sa·

129 2426 339 2490 cosmometra,
350 2425 378 2478 id
394 2433 436 2480 est
442 2432 521 2494 jussa
534 2431 725 2496 senatusque
738 2431 791 2480 vim
804 2430 874 2494 legis
886 2429 1023 2479 habebant
1035 2431 1155 2492 tempore

129 2499 339 2565 Imperatorum
352 2512 407 2550 non
416 2514 480 2552 vero
494 2506 615 2567 tempora
625 2501 719 2552 liberae
734 2501 910 2567 Reipublicae.
927 2499 953 2550 4⁰
963 2497 1068 2550 Pluctta
1077 2496 1153 2562 prin-

130 2570 227 2636 cipum,
241 2571 271 2621 id
285 2573 327 2622 est
347 2571 486 2636 rescripta,
506 2573 623 2635 decreta,
644 2573 741 2632 edicte,
756 2577 783 2622 et
801 2571 942 2638 privilegia
955 2583 972 2620 a
987 2567 1155 2632 principibus

129 2641 208 2694 datur
222 2641 355 2708 rescripta
368 2641 469 2694 fiebunt
479 2644 513 2694 ad
528 2644 752 2710 supplicationem
762 2643 889 2693 alterius:
904 2641 1012 2692 decreta
1022 2639 1156 2689 dabantur

130 2727 211 2766 causa
219 2713 387 2780 judicialiter
400 2718 427 2765 et
443 2715 598 2767 solemniter
610 2715 729 2780 cognita:
744 2714 832 2765 edictu
845 2712 953 2779 publice
967 2710 1154 2775 proponeban-

130 2789 181 2851 tur,
200 2791 227 2836 et
240 2784 407 2836 voluntatem
421 2786 553 2852 principia
570 2787 604 2837 ad
621 2787 706 2837 instar
721 2785 788 2850 legis
809 2783 994 2835 continebant:
1017 2779 1157 2846 privilegia

130 2857 266 2910 dabuntur
288 2856 411 2922 privetis,
430 2862 457 2909 et
479 2859 594 2923 gratiam
610 2857 793 2919 continebant,
812 2855 854 2906 val
867 2867 975 2921 poenem
991 2852 1155 2915 irrogabant·

129 2931 154 2982 5·
168 2927 268 2984 Edicta
282 2929 442 2992 metuam,
457 2943 518 2995 quae
538 2929 659 2981 ordinem
675 2927 849 2996 Judiciorium
865 2925 1028 2976 statuebant.
1051 2923 1076 2972 6ο
1095 2921 1156 2974 lies·

128 3015 211 3068 potera
220 3001 450 3066 Prudentem,vel
460 3001 598 3067 opiniones
609 2999 872 3066 jurisconsultorum,
883 2997 982 3062 quibus
996 2995 1157 3059 permissum

130 3079 187 3127 crat
201 3076 308 3141 dejure
326 3073 498 3139 respondere.
518 3073 584 3122 Haec
598 3072 687 3122 omnia
702 3069 895 3135 comprehensa
911 3069 1019 3118 luerunt
1035 3066 1062 3115 in
1076 3077 1157 3129 opere

130 3150 200 3216 quod
210 3147 370 3204 inscribitur
394 3143 493 3209 eorpus
505 3143 579 3210 juris
593 3141 716 3204 Romani,
734 3144 812 3206 cujus
827 3145 916 3206 partes
934 3142 996 3188 sunt
1009 3135 1156 3202 differtum,

127 3217 323 3280 institutiones,
338 3215 435 3278 (luder,
456 3215 578 3277 Novella,
595 3213 694 3278 quibus
708 3219 802 3280 postea
820 3213 993 3264 accesserunt
1015 3209 1068 3259 duo
1083 3207 1158 3258 Libri

130 3291 294 3349 Feudorum.
308 3289 460 3353 nigasium,
474 3286 681 3340 sivePandectae
692 3287 772 3350 jussu
784 3283 848 3350 imp.
858 3280 1006 3334 iustiniani
1019 3293 1088 3330 anno
1102 3278 1157 3339 533,

131 3363 290 3428 publicata,
303 3364 331 3412 et
348 3358 383 3411 ab
399 3358 493 3410 eodem
514 3358 605 3420 legum
625 3356 798 3419 auctoritats,·
824 3355 935 3404 munitm
959 3353 1096 3402 continent
1118 3362 1158 3399 re·

131 3447 231 3502 sponsa
245 3433 420 3500 prudentum,
437 3430 494 3481 sive
509 3428 658 3480 decisiones
668 3425 922 3492 Jurisconsultorum
934 3423 1116 3474 Romanorum
1130 3420 1158 3469 in

131 3504 427 3568 missiamanum
444 3499 599 3553 eorumdem
620 3498 714 3548 titulos
737 3496 905 3548 distributas.
932 3494 997 3546 Ideo
1021 3494 1157 3555 hocopus

132 3577 286 3655 appellatur
300 3572 446 3642 russiam,
460 3571 524 3647 quta
537 3582 667 3644 responsa
681 3568 709 3624 iu
722 3581 754 3621 eo
768 3569 797 3620 in
811 3565 935 3620 ordinem
952 3564 1057 3630 digesta
1073 3562 1161 3622 inere,

498 3679 501 3685 .
1012 3661 1037 3714 ¹·
