2490 4088
458 177 620 234 —lot-

33 294 172 348 admittitur
184 311 218 348 ex
239 297 395 364 Apostolico
410 297 549 364 privilagio
565 312 615 363 pro
633 297 819 349 sacerdotibus
834 297 1049 362 congregationis

33 368 166 427 missionis,
182 369 354 420 sanctissimi
377 369 577 434 Redemptoris,
596 369 771 420 lludistarum
787 376 814 419 et
828 368 889 419 aliis
903 382 1050 433 congrega-

34 439 145 492 tionibus.
162 441 203 490 Ex
219 440 363 505 privilegio
389 441 514 492 similiter
533 440 715 491 admittuntur
729 440 775 488 alii
790 439 871 497 tituli,
895 443 926 490 ut
946 439 1052 492 seruitii

34 507 148 572 Ecclesia,
165 512 237 576 quod
251 511 287 562 ab
313 512 434 576 Eugenio
454 511 492 562 lV
518 510 731 576 Metropolitanae
752 509 915 560 Florentinae
938 523 1049 562 conces-

35 594 81 630 sum
94 582 152 642 luit,
165 582 245 633 modo
261 581 300 630 illi
315 583 443 632 Ecclesiae
452 583 649 647 servitiumper
663 581 848 632 dccemennoa
858 581 1009 642 duraverit;
1021 582 1051 632 ut

35 650 211 715 coemptionis
224 652 308 704 alicui
322 650 453 714 Ecclesiae,
471 654 543 718 qnod
559 665 717 704 concessum
737 652 789 702 init
802 651 908 703 clericis
922 651 1048 703 Venetia-

35 723 90 772 rium
102 725 222 775 civitatis
235 738 254 775 a
267 725 343 774 Sixto
359 725 382 774 V
397 724 425 774 in
439 724 496 775 hul.
520 723 671 776 Romanum
693 722 865 788 Pontificem
888 725 918 773 ut
937 722 1049 788 collcpt'a',

36 795 91 856 qnod
104 795 233 858 pluribus
247 795 400 846 seminariis
415 799 443 847 et
456 794 577 859 collegiis
591 795 716 846 similiter
731 793 781 844 init
794 807 966 854 concessum
980 801 1007 846 et
1020 797 1052 847 ut

36 865 245 930 oonprcpata'onis,
258 865 330 930 quod
345 867 443 916 summi
463 865 606 917 Pontifices
620 865 766 930 aliquando
781 868 981 916 concesserunt.
995 868 1050 918 Au·

37 940 80 984 otor
91 949 209 1002 corresp.
225 937 259 986 de
273 937 350 986 Rom.
362 936 397 987 ad
411 949 454 988 an.
472 936 540 1000 1850,
555 937 570 987 l
587 939 656 1004 sept.
670 950 697 986 n.
713 935 752 999 39,
767 935 815 986 ubi
828 937 910 988 refert
924 937 951 986 S.
966 937 1048 1002 Cong.

38 1005 194 1066 decisionem,
210 1012 236 1058 et
250 1011 346 1058 auctor
359 1007 438 1058 Anal.
451 1007 506 1072 jur.
521 1013 595 1072 pont.
610 1021 663 1058 ser.
681 1006 705 1068 d,
725 1020 788 1074 pag.
803 1007 858 1058 892.
872 1007 988 1058 Fructus
1006 1011 1046 1058 te-
1132 1017 1140 1024 ’

38 1091 85 1127 nen
97 1079 293 1130 constituentes
306 1079 416 1129 titulum
431 1079 605 1130 ordinationis
619 1081 734 1144 possunt
753 1078 859 1129 detrahi
877 1092 911 1129 ex
925 1091 987 1142 uno,
1002 1083 1050 1130 aut

40 1147 127 1200 duobus
141 1149 294 1212 beneficiis,
307 1150 415 1214 quando
429 1164 513 1200 unum
528 1163 581 1200 non
596 1154 638 1201 est
646 1148 783 1200 sufficiens
796 1148 831 1199 ad
839 1149 979 1201 honestam
994 1149 1048 1202 cle·

40 1219 318 1280 ricisnstentationcm3
336 1221 401 1284 quin
416 1220 498 1271 immo
511 1221 559 1272 uhi
572 1219 734 1272 beneficium
748 1233 803 1270 non
816 1218 923 1282 sufficit,
937 1223 1051 1284 possunt

40 1293 68 1337 tot
79 1289 186 1354 adjungi
200 1289 402 1353 patrimoniales
414 1291 529 1354 fructus,
542 1295 608 1355 quot
622 1291 797 1356 requiruntur
810 1289 845 1340 ad
859 1290 1047 1355 complendam

40 1361 175 1424 patrimonii
191 1375 335 1412 summam.
351 1359 442 1426 Soglia
463 1362 529 1413 lnst.
547 1364 603 1426 jur.
619 1363 689 1427 priv.
710 1359 777 1427 fiii.
798 1387 830 1398 -
844 1360 875 1424 (9)
890 1360 1001 1412 Ricther
1013 1360 1049 1416 ad

41 1433 97 1482 dass.
108 1432 148 1492 tl,
165 1446 188 1482 c.
206 1432 230 1494 2,
246 1432 279 1483 de
292 1433 341 1483 rei.
352 1433 423 1484 Hinc
436 1433 652 1484 renunciationes
667 1446 683 1483 a
700 1432 798 1484 clerico
813 1433 891 1484 lactae
908 1445 966 1484 suae
976 1433 1049 1484 ordi-

40 1503 140 1553 nationis
151 1503 228 1554 titulo
238 1503 322 1554 nullae
331 1508 358 1554 et
368 1504 452 1554 irritae
464 1507 536 1566 sunt,
548 1504 571 1555 si
581 1505 665 1554 alium
674 1503 781 1554 titulum
791 1517 845 1554 non
855 1503 962 1554 habeat.
973 1504 1048 1556 Trid.

42 1572 98 1624 Sess.
113 1574 152 1638 il,
169 1588 194 1624 c.
212 1574 236 1636 2,
255 1574 289 1625 de
302 1575 351 1625 rel.
369 1576 461 1626 Novus
471 1579 561 1626 autem
577 1575 672 1626 titulus
685 1575 720 1624 ab
735 1573 878 1627 Ordinario
891 1575 1049 1639 probandus

41 1657 131 1708 semper
144 1651 193 1709 est,
208 1646 314 1696 etiamsi
327 1645 443 1697 clericus
459 1645 569 1697 ordines
583 1646 731 1710 recepisset
755 1659 817 1697 cnm
830 1645 991 1711 patrimonio
1007 1660 1049 1698 as·

41 1715 129 1778 signato
142 1716 174 1766 ad
196 1723 311 1779 tempus,
335 1717 438 1766 scilicet
456 1717 632 1782 quoadusque
653 1717 815 1768 beneficium
836 1717 1050 1770 ecclesiasticum

42 1791 209 1850 consequatur.
226 1788 342 1847 Ohtento
356 1788 428 1838 enim
445 1787 496 1839 hoc
519 1788 661 1849 benedicio,
679 1789 758 1854 prius
771 1788 867 1840 titulus
893 1789 1049 1854 patrimonii

42 1857 146 1908 subsistit
158 1867 185 1909 et
198 1873 251 1909 noo
267 1862 364 1922 cessat,
377 1859 430 1908 nisi
445 1861 590 1924 postquam
602 1859 764 1912 Ordinarlus
781 1859 942 1911 beneficium
963 1861 1049 1926 patri-

43 1929 115 1978 monio
127 1929 306 1980 substituerit.
318 1929 398 1980 Unde
415 1931 526 1981 remotio
538 1930 696 1992 sacerdotis,
711 1936 738 1981 et
747 1930 857 1998 parochi
871 1945 947 1983 asuo
963 1931 1048 1984 bene-

45 1998 98 2060 ioio,
109 2001 176 2065 quod
188 2000 308 2052 hebetia
323 2001 440 2065 titulum,
452 2002 528 2052 nulla
541 2005 590 2065 est,
606 2003 630 2052 si
643 2002 748 2066 pensio,
758 2002 802 2053 vel
814 2001 884 2052 alins
894 2003 989 2054 titulus
1003 2016 1047 2054 sa-

44 2071 125 2121 cerdoti
139 2078 165 2123 et
179 2071 297 2136 parocho
311 2077 400 2123 amoto
423 2073 577 2136 assignatus
597 2088 614 2124 a
633 2077 786 2132 removente
808 2074 923 2132 nonsit,
942 2074 1048 2126 etiamsi

42 2141 100 2201 jnsto
110 2147 134 2193 ct
145 2145 297 2194 necessario
309 2144 377 2194 foret
392 2145 550 2196 remotionis
563 2157 654 2196 causa.
671 2143 733 2195 Bul.
747 2143 854 2210 Quanto
873 2143 901 2194 S.
915 2144 957 2196 Pii
967 2145 1000 2196 V.
1019 2171 1047 2186 -

45 2212 80 2274 (lt)
92 2213 146 2265 Bul.
157 2213 293 2266 Romanus
305 2213 442 2280 Pontisao.

69 2401 106 2457 95.
123 2403 190 2460 llaec
204 2400 242 2459 de
257 2399 452 2459 ordinationis
463 2399 548 2460 titulo
562 2399 737 2476 praesoripta
750 2404 889 2460 accurate
907 2406 977 2460 sunt
993 2401 1049 2460 oh-

44 2491 170 2549 servanda
186 2509 193 2550 :
209 2505 280 2548 nem
293 2489 363 2549 licet
376 2490 457 2549 bona
470 2489 529 2548 tide
543 2489 608 2549 sine
621 2489 706 2550 titulo
727 2489 880 2563 ordinans,
895 2495 925 2549 et
939 2491 1049 2566 proha-

44 2573 120 2636 biliter
130 2577 220 2638 ctiam
233 2577 397 2652 ordinatus,
414 2578 526 2639 nnllam
538 2577 671 2638 incurrat
685 2594 826 2654 poenam3
842 2583 941 2638 umen
956 2578 1050 2639 scien·

45 2667 80 2720 tar
89 2665 144 2725 sine
157 2666 244 2726 titulo
258 2667 409 2740 ordinans,
423 2667 471 2726 vel
484 2666 597 2726 litteras
615 2666 808 2727 ordinationis
822 2667 1002 2742 concedens,
1016 2674 1049 2728 ut

45 2763 123 2813 ceros
140 2754 268 2814 clericus
286 2756 350 2831 jam
372 2755 559 2815 exantinatns
580 2761 610 2816 et
624 2755 768 2832 probatus
780 2755 818 2814 ab
831 2755 890 2815 alio
905 2754 1048 2832 episcopo

45 2856 91 2899 non
108 2843 227 2920 proprio
249 2843 412 2916 ordinetur,
436 2861 472 2903 ea
489 2844 628 2921 plectitur
639 2861 739 2920 poena,
755 2851 788 2904 nt
800 2844 908 2904 debeat
928 2845 1002 2921 ipse,
1018 2851 1049 2905 et

45 2936 99 3001 post
110 2932 206 3008 ipsum
222 2933 287 3009 ejus
300 2949 504 3006 successores,
519 2933 608 2993 etiam
621 2932 761 2992 Ecclesiae
775 2932 953 2994 cathedralis
966 2933 1048 3009 capi·

46 3019 118 3078 tolum
131 3021 173 3081 sie
187 3021 324 3080 ordinato
338 3019 495 3097 providere
513 3021 662 3094 alimenta,
683 3021 781 3081 donec
799 3021 979 3082 beneficium
996 3039 1048 3082 eo·

46 3103 218 3169 clesmsticum
231 3110 269 3169 ad
283 3109 348 3185 ejus
361 3109 606 3170 sustentationem
620 3109 770 3170 sufficiens
782 3117 982 3186 consequatur
995 3117 1005 3184 (
1024 3114 1047 3186 ),

46 3189 89 3249 nisi
100 3195 245 3256 ordinatus
260 3197 323 3257 sine
337 3197 423 3257 titulo
444 3215 483 3258 ex
504 3214 567 3271 sua,
585 3199 633 3258 vel
648 3205 771 3274 paterna
791 3199 964 3260 haereditate
979 3198 1047 3260 vitae

47 3280 153 3342 subsidia
169 3285 264 3361 possit
274 3286 385 3346 habere
400 3289 451 3360 (ἢ).
467 3292 509 3345 Ac
519 3293 664 3363 praeterea
678 3287 828 3360 ordinans,
844 3287 870 3347 si
883 3304 953 3347 cum
966 3288 1047 3348 ordi-

46 3376 100 3427 nato
111 3372 265 3444 sinetiaulo
285 3381 407 3450 pactum
431 3375 521 3448 ineat,
537 3392 575 3435 ne
589 3376 727 3436 alimenta
743 3383 834 3452 petat,
856 3376 1049 3438 acollatione'

45 3457 159 3520 ordinum
169 3479 223 3538 per
237 3463 397 3524 trienninm
409 3481 572 3539 suspensus
584 3473 685 3525 manet
695 3469 746 3538 (3).
758 3470 826 3525 llaec
836 3465 955 3540 quidem
965 3467 1047 3526 cleri-

46 3559 86 3602 eos
93 3552 423 3628 saecadaresrespiciunt3
435 3553 534 3629 quoad
547 3555 700 3630 regulares
708 3570 781 3615 vero
793 3551 953 3630 episeopus
962 3555 1044 3616 ordi·
