2490 4088
457 167 596 224 ..49-

39 285 98 351 buta,
110 286 166 352 ipsa
187 285 276 340 baares
293 286 329 340 ed
348 287 488 340 vitandum
512 289 670 342 scandalum
686 289 790 343 solvere
809 291 954 358 tenebitur,
977 291 1042 358 quie

40 359 221 480 mffiptieuem,
238 373 321 425 quum
341 359 423 412 habet
436 361 465 412 in
478 361 535 413 lore
559 361 673 426 interne,
689 363 837 414 inexterne
853 363 970 428 prebere
984 375 1039 414 non

40 441 65 492 pe
114 468 120 480 .

395 793 596 874 'llTULUS
624 795 664 874 V.

418 1015 455 1056 ltu
468 1014 635 1058 aesculum.

43 1163 179 1229 Quium:
197 1178 237 1230 te.
247 1176 305 1237 Quid
314 1176 345 1228 slt
356 1175 511 1242 Rescriptum?
526 1205 557 1214 -
570 1177 610 1229 dl.
625 1175 769 1244 Prilileplum
783 1145 846 1242 quid,
862 1180 884 1228 et
897 1176 1039 1242 quotupler‘.l

67 1273 85 1281 -
105 1248 138 1299 tt.
156 1248 215 1309 Quot
235 1248 337 1315 partibus
360 1248 495 1313 rescriptum
512 1248 618 1300 conset?
631 1275 661 1286 -·
674 1249 712 1300 te.
732 1247 853 1308 Quomodo
871 1247 1000 1300 dividatur?
1011 1274 1042 1286 -

65 1318 96 1369 tl.
107 1319 157 1379 Quis
169 1321 242 1386 possit
256 1321 365 1386 rescripta
384 1318 522 1380 concedere,
531 1319 685 1388 etobtinere‘l
701 1347 732 1356 -
748 1320 787 1370 lt.
801 1319 856 1379 Qua
867 1318 1042 1372 observandem

63 1392 159 1457 reseiptts
169 1393 279 1458 justitiet
296 1421 321 1430 -
336 1391 375 1442 te.
389 1390 510 1449 Quomodo
521 1392 629 1456 rescripta
640 1389 831 1456 interpretanda?
845 1417 877 1428 -
892 1391 931 1442 di.
945 1390 1041 1448 Quando

64 1469 165 1514 auertere
177 1462 310 1528 indigeant?
319 1491 350 1500 -
362 1463 403 1513 tu.
414 1462 544 1520 Quomodo.
556 1471 581 1513 et
590 1462 681 1528 quande
690 1461 871 1527 praesentanda?
882 1489 908 1498 -
924 1461 963 1511 te.
975 1461 1038 1520 Que-

63 1535 121 1585 modo
132 1534 279 1599 erequonda‘?
292 1561 323 1570 -
335 1534 374 1585 50.
388 1531 443 1592 Qute
452 1533 578 1597 presertim
590 1533 695 1584 clausule
710 1533 833 1597 Rescriptis
846 1531 930 1598 epponi
942 1531 1039 1596 soleant,

63 1608 133 1656 -51,
155 1605 251 1666 Quando
265 1605 381 1671 obreptio,
396 1604 431 1656 rel
443 1602 560 1669 subreptio
573 1605 636 1655 vitiet
664 1603 806 1670 Rescripta?
819 1630 846 1640 -
860 1605 900 1656 tt.
915 1603 1041 1670 Qbreptitis

61 1677 89 1727 rel
104 1677 229 1742 subreptitia
245 1678 306 1728 nulla
325 1681 387 1736 sunt,
409 1676 429 1726 si
448 1675 545 1740 pratia,
559 1679 583 1727 et
599 1675 766 1736 rescindenda,
783 1675 804 1728 si
821 1675 918 1741 iustitie
936 1675 994 1729 siut.
1008 1703 1039 1714 -

63 1749 93 1797 te.
102 1747 156 1808 Quot
167 1747 243 1800 medis
257 1748 302 1799 mm
315 1747 437 1800 amittant?

65 1915 100 1970 to.
113 1917 201 1988 Leges
214 1911 253 1970 ad
271 1912 384 1970 henum
397 1927 557 1971 commune
574 1913 728 1985 teruntur,
745 1911 897 1988 Rescripta
911 1928 984 1971 vero
999 1929 1038 1971 ex

15 2059 16 2062 ,
41 1998 134 2060 inrecte
156 2017 242 2060 mere
268 2001 298 2060 in
318 2001 451 2061 faverem
473 2001 628 2059 dumtaxat
645 1999 839 2076 privatorum.
862 2006 956 2076 Leges
968 2018 1040 2076 pre-

41 2095 119 2160 pterea
128 2089 225 2149 debila
236 2089 474 2165 promulgatione
483 2088 714 2161 denunciantur,
727 2088 756 2147 in
769 2088 929 2164 Rescriptis
939 2095 1039 2149 autem

41 2174 109 2235 ustor
121 2177 365 2253 promulgationis
379 2186 425 2236 est
444 2183 538 2248 actua,
561 2195 622 2254 que
640 2177 734 2254 J'udici
752 2183 981 2252 praesentantur,
1005 2183 1039 2237 ut

42 2265 182 2325 executioni
196 2266 422 2326 demandentur.
437 2267 625 2342 Rescriptum
641 2274 686 2326 eat
699 2283 874 2342 responsum
887 2266 1038 2342 Poetisteis

42 2354 156 2428 scriptum
175 2355 215 2414 ed
234 2353 358 2414 ulterius
379 2355 559 2431 petitionem,
582 2355 628 2415 eol
656 2355 901 2415 consultationem
922 2355 1037 2428 detrun,
1065 2349 1069 2362 '

41 2457 79 2513 pte
95 2443 133 2502 uel
152 2447 209 2517 jaas
235 2460 346 2503 meeum
372 2444 584 2517 introducitur,
614 2443 659 2503 eet
682 2451 764 2503 vetate
788 2443 957 2518 subrepatur,
984 2451 1039 2503 out

41 2529 192 2605 replicatum
207 2533 316 2592 undea
337 2532 514 2608 quibusdam
533 2532 671 2592 dividitur
689 2533 719 2590 in
740 2532 919 2606 rescriptum
927 2539 1038 2608 praeter

42 2614 231 2694 termemeno
246 2621 344 2696 lepore,
367 2628 394 2680 et
411 2621 575 2680 secumdum
590 2621 680 2697 dapem
700 2623 750 2692 (l).
767 2620 953 2696 Rescriptum
964 2637 1037 2680 vero

41 2703 81 2766 loe
100 2709 215 2768 nemine
238 2711 413 2785 appellatur,
439 2710 520 2785 qued
538 2710 576 2770 sit
591 2725 770 2785 responsum
792 2707 946 2784 scriptum.
964 2713 1036 2768 Pre-

41 2801 116 2864 pterea
129 2797 258 2856 excludit
271 2797 346 2856 vivae
367 2797 449 2862 vocis
467 2799 632 2871 oraculum,
648 2797 729 2872 qued
747 2813 827 2871 saepe
841 2795 978 2856 Pontifex
990 2799 1038 2857 vel

41 2883 61 2939 ad
74 2886 183 2944 alterius
196 2886 377 2958 instantiam,
400 2889 448 2946 vel
468 2903 507 2946 ex
520 2898 605 2945 metu
619 2884 741 2962 proprie
754 2883 870 2959 emittit,
895 2886 1036 2961 qnodque

41 2971 109 3040 eata
124 2973 258 3033 informis
271 2975 451 3050 quaudoque
472 2959 659 3050 appellatur?
669 2991 728 3050 qua
749 2973 778 3032 in
797 2974 864 3032 fere
881 2973 941 3050 poli
951 2975 1036 3050 juva-

41 3071 93 3134 nur,
111 3079 170 3121 nen
184 3080 257 3122 vere
271 3061 299 3121 iu
312 3063 378 3122 iere
390 3063 460 3137 ieri,
472 3063 522 3123 ubi
537 3064 658 3139 probari
673 3080 733 3122 neu
747 3061 851 3138 pessit.
866 3063 925 3122 Sed
938 3079 976 3122 ex
986 3080 1037 3138 ep·

41 3150 111 3216 posite
135 3151 360 3227 comprehendit
379 3150 575 3228 privilegium,
605 3157 636 3212 et
663 3150 925 3228 dispensationem,
957 3153 1037 3226 quod

42 3243 169 3316 utromque
183 3239 344 3300 pontificiis
361 3240 465 3301 litteris
484 3240 646 3318 perficitur.

59 3423 79 3483 ll)
93 3423 260 3489 Rescriptum
276 3427 375 3490 praeter
389 3424 475 3488 legem
490 3427 540 3487 est,
551 3425 622 3490 qued
637 3425 717 3476 datur
731 3426 759 3475 ira
773 3423 897 3484 materia,
911 3437 972 3488 quae
984 3425 1035 3476 auh

41 3483 73 3552 ltro
84 3507 133 3546 nen
147 3495 228 3555 cadit,
240 3497 272 3544 ut
285 3495 347 3546 elim
363 3503 421 3546 erat
434 3495 591 3548 mandatum
601 3495 633 3548 de
651 3495 815 3563 providende
829 3495 911 3548 elicui
926 3510 1034 3549 conces-

42 3569 76 3614 tuu
87 3565 119 3618 ad
132 3566 296 3620 beneficium
310 3565 486 3620 obtinendum
502 3587 508 3618 ι
523 3572 616 3620 eontra
629 3568 726 3634 legem,
741 3567 814 3633 qued
829 3567 857 3618 in
872 3579 937 3620 casu
949 3569 1033 3638 perti·

105 3829 117 3860 Ι
