2468 4090
498 265 659 322 ...221-

68 383 195 452 ejusdem
206 383 372 438 voluntatem
385 385 535 453 explorent,
549 389 576 438 et
597 387 751 453 prasertim
771 401 806 441 an
825 391 942 449 ooaotus.
962 401 997 442 an
1015 389 1097 442 sedu-

1 465 2 470 ’
69 461 131 510 otus
147 457 192 522 sit,
202 461 228 508 et
242 471 295 524 quo
312 457 419 522 spiritu,
435 472 488 524 quo
503 458 625 519 oonsilio,
637 473 690 525 qua
704 462 807 513 ratione
822 461 854 512 ad
877 463 976 512 statum
990 461 1097 527 religio·

68 543 132 581 sum
148 529 276 589 dueatur,
291 533 319 580 et
331 532 421 582 utrum
437 532 555 595 aliquam
577 531 757 596 cognitionem
776 533 876 585 habeat
890 538 1022 598 votorum,
1038 547 1099 600 quas

69 600 200 666 deinceps
213 601 335 652 emittere
358 601 448 653 debet.
468 601 494 652 2⁰
508 601 537 652 Si
552 603 725 668 reeipiendus
737 604 777 654 uti
797 604 911 657 elericos
930 605 1099 670 Religionem

72 673 179 738 ingredi
193 672 320 738 postulet,
339 672 478 738 inquirant
490 673 703 733 Examinatores
723 687 830 726 eneam
846 675 995 728 litterarum
1011 680 1099 728 seien-

70 745 138 794 tiam
153 744 260 803 sallent,
276 749 322 794 aut
334 743 409 794 illius
430 744 602 796 addiscendae
625 759 700 811 spem
716 745 856 796 indubiam
868 761 925 812 prae
936 761 965 799 se
976 749 1052 806 ferat,
1069 750 1101 799 ut

71 816 203 875 minores,
218 818 246 866 et
262 815 319 866 suis
334 816 501 882 temporibus
514 818 632 881 majores
647 817 756 868 ordines
770 819 907 882 suscipere
914 818 1012 870 valeat.
1023 818 1100 883 Quod

72 887 96 938 si
111 892 208 952 agatur
226 886 259 937 de
271 887 445 938 admittendis
455 888 489 938 ad
504 888 626 938 habitum
637 902 836 950 conversorum,
851 903 884 940 11
897 889 992 940 saltem
1004 891 1101 956 proeoi·

71 971 128 1024 pua
142 957 272 1009 doetrinae
287 957 459 1017 Christianae,
481 958 570 1024 capita
592 959 724 1010 noverint.
747 959 841 1021 Quoad
865 974 958 1012 omnes
981 975 1054 1021 vero,
1074 967 1102 1014 et

73 1029 228 1095 praesertim
244 1029 328 1080 relate
345 1029 379 1082 ad
399 1030 571 1082 postulantes
591 1030 768 1095 provectioris
788 1030 875 1082 aetatis
896 1031 1101 1086 Examinatores

74 1101 211 1166 sagacius,
226 1099 275 1151 sed
289 1100 436 1164 prudenter
450 1107 544 1152 curent
557 1101 671 1160 odorari,
687 1102 707 1152 si
725 1105 796 1154 recte
812 1102 845 1153 de
860 1102 993 1154 catholiea
1006 1102 1102 1154 doetri-

75 1186 111 1223 na
125 1173 253 1229 sentiant.
269 1173 348 1236 prout
361 1172 478 1224 conditio
489 1173 619 1238 cuiusque
631 1186 754 1236 personae
769 1174 896 1238 postulet.
913 1174 1102 1239 1111111111

1 1304 2 1309 ἵ
75 1256 91 1294 1
111 1242 281 1303 Postulante,
300 1248 393 1293 utrum
410 1244 469 1308 ejus
491 1247 628 1308 parentes,
645 1244 688 1295 vel
711 1243 780 1295 alter
801 1258 894 1295 eorum
916 1244 1099 1304 adnuerint,

75 1327 158 1380 quam
172 1317 258 1364 artem
277 1316 304 1364 et
319 1315 513 1378 professionem
533 1319 684 1380 exerceant,
709 1316 752 1366 vel
775 1316 952 1374 exercuerint,
973 1316 1010 1366 ita
1036 1315 1102 1366 adeo

76 1399 213 1453 pauperes
230 1386 292 1444 sint,
309 1389 340 1436 ut
355 1385 401 1435 filii
418 1386 540 1437 subsidio
564 1387 710 1452 indigeant,
726 1387 752 1438 4⁰
767 1387 915 1452 Exquirant
928 1388 988 1450 ejus
1008 1387 1101 1438 eondi-

75 1458 188 1515 tionem‚
199 1470 234 1506 an
247 1457 346 1507 habeat
361 1456 389 1506 in
403 1457 502 1508 saeoulo
511 1458 601 1508 medie
615 1457 775 1509 sufficientia
789 1458 1019 1522 substentationis,
1030 1458 1054 1510 si
1067 1459 1104 1510 sit

76 1541 132 1578 rere
145 1528 234 1579 alieno
246 1531 384 1592 gravatus,
397 1541 430 1577 an
446 1532 474 1578 et
487 1541 568 1592 quam
584 1533 679 1588 artem,
695 1530 737 1580 vel
756 1529 951 1594 professionem
970 1534 1101 1582 exerceat,

76 1613 111 1650 an
125 1599 210 1649 alieni
224 1599 348 1663 religioso
360 1599 482 1650 instituto
491 1613 590 1650 nemen
603 1600 717 1663 dederit,
726 1602 769 1652 vel
783 1601 857 1652 illius
872 1601 993 1651 habitum
1007 1599 1103 1661 indue-

79 1671 123 1730 rit,
134 1683 170 1721 an
184 1669 266 1721 111111
276 1670 430 1736 inquisitus
440 1671 483 1721 vel
493 1676 556 1721 nota
567 1671 694 1734 infamia,
705 1673 748 1723 vel
757 1671 963 1736 irregularitatis
973 1672 1102 1732 irretitus,

78 1746 125 1792 aut
139 1742 216 1806 gravi
230 1741 323 1791 morbo
339 1739 460 1792 affectus.
477 1743 502 1791 5⁰
512 1741 629 1793 Videant
639 1757 674 1792 an
688 1743 801 1792 notabili
812 1743 979 1794 deformitate
989 1743 1101 1804 laboret,

79 1816 172 1864 utrum
195 1811 303 1877 aliquod
330 1812 437 1875 signum
457 1813 535 1864 valde
559 1813 672 1864 infirmae
695 1813 867 1872 valetudinis,
883 1814 926 1865 vel
952 1815 1103 1865 fatuitatem

77 1897 187 2006 1111111
203 1883 286 2005 lterat;
300 1885 327 1935 et
336 1883 390 1934 alio
404 1897 465 1948 quae
480 1885 508 1936 in
522 1884 602 1936 altato
621 1885 742 1944 Decreta,
757 1888 784 1936 11
796 1885 976 1938 instructione
995 1886 1103 1951 plenius

78 1969 129 2022 exp
143 1968 206 2006 roan
218 1969 260 2006 ur.

114 2137 180 2192 216.
201 2135 233 2191 11
246 2131 460 2192 monasterium
475 2131 614 2208 ingressi,
628 2141 658 2193 et
671 2133 773 2192 habitu
788 2133 917 2208 regulari
929 2132 1033 2206 induti,
1049 2150 1104 2191 an·
1133 2180 1136 2185 .

81 2228 202 2298 tequam
214 2219 330 2296 possint
343 2220 381 2279 ad
397 2221 475 2280 dieta
486 2228 557 2283 rota
571 2221 600 2280 in
622 2222 759 2298 religiosa
779 2222 964 2297 professione
986 2239 1103 2281 11111-

79 2310 181 2386 panda
205 2309 328 2382 admitti,
358 2310 468 2369 debent
493 2311 668 2370 novitiatunr
695 2329 851 2387 peragere,
879 2317 912 2370 ut
936 2327 1041 2370 eorum
1065 2309 1104 2370 ad

79 2398 264 2474 Religionem
288 2399 404 2462 voratio
432 2399 584 2474 probetur.
613 2405 739 2476 Tempus
763 2399 922 2458 novitiatus
945 2399 1016 2458 olim
1040 2405 1105 2458 erat

80 2489 172 2548 trium
187 2504 335 2547 annorum
350 2493 403 2562 (l),
418 2505 458 2548 11
475 2489 541 2564 jure
554 2488 713 2548 Tridentini
726 2489 815 2548 unius
833 2494 950 2546 tantum
964 2493 1009 2545 est
1023 2486 1104 2561 anni,

80 2577 132 2653 qui
146 2584 246 2637 tamen
261 2562 429 2654 odmpietes,
446 2581 476 2637 et
489 2577 645 2637 continuus
667 2595 733 2638 esse
750 2577 839 2637 debet
856 2580 914 2650 (a),
938 2576 1103 2636 111111111-

79 2667 190 2743 platee,
203 2665 272 2742 quia
289 2665 313 2724 si
327 2665 416 2724 11111
430 2671 545 2726 tantum
558 2666 631 2740 dies,
647 2668 695 2726 vel
709 2668 785 2725 hora
798 2666 925 2738 deesset,
944 2680 1006 2723 non
1022 2664 1106 2722 suffl-

79 2761 164 2816 11111
183 2755 222 2814 ad
244 2753 459 2830 professionem
475 2754 604 2814 validam
626 2755 818 2816 emittendam
832 2759 892 2828 (3);
917 2753 984 2812 ideo
1009 2750 1105 2811 eonti-

80 2861 171 2916 uuus,
189 2835 301 2920 quiesi
318 2860 373 2920 per
386 2844 499 2920 aliquot
519 2845 615 2903 solum
636 2844 700 2904 dies
718 2844 848 2903 novitius
862 2839 1027 2902 voluntarie
1040 2857 1106 2900 mo-

80 2931 245 3012 nasterium
261 2931 387 2992 dimittat
405 2935 503 2992 animo
516 2932 683 2994 revertendi
707 2932 745 2993 ad
765 2934 918 3006 saeculnm,
941 2935 1010 3007 post
1032 2946 1106 2988 oon-

80 3023 250 3083 versionem
267 3022 426 3082 novitiatus
446 3039 543 3081 annus
561 3029 607 3082 est
628 3022 665 3081 ab
687 3039 723 3080 eo
741 3023 850 3081 iterum
863 3019 1058 3092 inchoandus,
1075 3025 1105 3078 et

81 3111 300 3189 perficienduS,
328 3111 411 3171 aliter
434 3113 516 3172 nulla
543 3112 620 3171 foret
646 3113 710 3188 ejus
735 3110 880 3188 professio
911 3114 972 3185 (l).
1000 3115 1035 3169 at
1056 3109 1105 3169 ille

80 3201 295 3263 monasterium
308 3200 510 3273 nondimittit,
528 3217 624 3276 neque
640 3199 814 3259 novitiatum
827 3199 993 3273 interrupit,
1005 3198 1054 3273 qui
1068 3197 1107 3257 de

83 3289 202 3351 lieentia
226 3289 387 3365 superioris
408 3307 448 3350 111
470 3289 649 3349 monasterio
670 3289 830 3364 egreditur,
853 3297 882 3347 et
901 3286 1106 3364 1111111111-

82 3379 164 3455 quod
179 3377 394 3438 brevissimum·
407 3386 526 3453 tempus
544 3383 688 3451 moratur,
704 3377 774 3452 quia
786 3377 966 3451 ubicumque
980 3374 1105 3450 Religio-

83 3485 134 3528 sus
149 3467 188 3528 de
201 3467 320 3527 lieentia
337 3469 383 3527 sui
396 3467 558 3544 superioris
574 3467 621 3542 sit,
640 3467 669 3525 in
689 3482 744 3526 suo
757 3465 938 3526 monasterio
953 3482 1019 3525 esse
1031 3466 1107 3542 juris

82 3554 204 3624 fictione
217 3556 347 3617 ereditur
364 3561 374 3630 (
395 3562 416 3630 ).

114 3639 252 3708 1111111111
273 3645 432 3708 novitiatus
451 3644 497 3710 sui
518 3651 653 3728 tempore
667 3645 768 3710 ¹debet
792 3643 950 3726 Religionis
969 3643 1107 3725 regulam
