2566 4102
104 719 251 776 llrnrrnrro
267 716 449 777 clericorum
462 722 493 776 et
504 715 664 776 mulierum
674 721 719 777 ar.

104 807 220 864 Hlnrrus
243 805 394 865 clericalis
416 810 459 866 80.
477 809 547 876 Quae
560 812 661 866 vestes
680 803 797 866 clericis
816 803 1030 882 prohibeantur
1044 807 1090 866 81.

75 895 164 952 Poenae
177 911 239 954 non
255 893 451 955 deferentium
465 893 599 954 habiturn
613 899 644 953 et
658 900 812 954 tonsuram
825 897 867 954 82.

106 986 226 1044 Hnnssrs
244 987 295 1042 251
311 1003 318 1041 z
333 984 398 1058 ejus
409 983 514 1042 divisio
527 983 580 1055 aba
597 982 717 1058 quando
728 981 885 1052 manifesta
898 981 936 1042 ib.
948 999 957 1055 ς
970 981 1090 1058 quando

75 1078 201 1145 suspecta
214 1076 279 1130 252.
297 1076 367 1142 Quae
380 1071 463 1143 levis,
475 1088 542 1147 quae
554 1071 723 1144 vehemens,
733 1087 801 1148 quae
815 1071 944 1130 violenta
967 1069 1092 1130 haeresis

78 1159 196 1234 suspicio
209 1161 263 1232 ius
274 1160 324 1236 qrri
333 1177 372 1220 ex
381 1160 511 1220 violenta
522 1159 694 1235 suspicione
708 1168 859 1234 tamquam
870 1157 1001 1219 haereticl
1013 1157 1093 1218 dam·

76 1254 176 1308 nentur
189 1253 255 1320 253,
273 1253 299 1308 5.
316 1248 528 1308 llaereticorum
542 1263 641 1324 poenae
659 1253 721 1308 aaa.
743 1245 869 1308 llaeresis
881 1246 1026 1323 abjuratio
1040 1245 1092 1322 tu,

77 1338 146 1396 hhn
163 1336 324 1397 haereticus
339 1336 546 1414 jurisdictione
556 1335 688 1412 privetur
700 1336 752 1411 ih,
764 1341 791 1396 a.
805 1335 939 1399 Haeretici
957 1336 1088 1396 suntde-

77 1423 228 1485 nunciandi
241 1429 308 1497 256„
325 1429 404 1501 Papa
421 1425 602 1502 quaudoque
616 1424 755 1485 concedit
774 1431 953 1502 potestatem
971 1423 1092 1500 dispen-

79 1512 151 1571 sandi
163 1513 216 1586 ib,
236 1519 264 1574 t.
281 1517 348 1576 Non
367 1513 439 1574 licet
465 1511 687 1574 communicare
709 1530 779 1574 cum
803 1511 952 1573 hereticis
964 1511 1092 1572 vitandis

78 1602 134 1672 9573
149 1601 273 1673 Quando
286 1601 376 1662 liceat
390 1619 458 1662 cum
472 1602 604 1664 toleratis
618 1603 669 1676 ib,
682 1609 709 1662 ct
722 1607 785 1662 289.
802 1601 1013 1662 haereticorum
1022 1600 1089 1660 libri

80 1688 246 1751 damnantur
258 1695 320 1751 258.
338 1691 473 1752 ltaeretici
490 1691 659 1768 obligantur
673 1690 789 1767 legibus
807 1689 945 1750 Ecclesiae
956 1693 1001 1750 35.
1028 1695 1093 1750 llae·

79 1765 150 1837 retici
160 1785 240 1852 sunt,
256 1779 307 1858 qui
320 1781 473 1841 adhaerent
486 1779 649 1840 liberorum
661 1795 880 1856 massonorum‚
896 1785 927 1840 et
940 1779 1091 1840 carbona·
1195 1829 1201 1844 .

80 1864 179 1928 riorum
191 1868 281 1928 sectis
292 1873 356 1932 254.

108 1961 238 2018 Hansnns
251 1959 422 2036 necessarii,
437 1965 468 2021 et
480 1955 639 2020 voluntarii
652 1961 716 2034 ota,
729 1962 756 2017 t.

72 2079 76 2092 ι
107 2049 285 2108 flsrnuononr
298 2052 345 2109 ot.

107 2140 278 2198 humaunis
292 2142 345 2198 109
362 2157 369 2198 :
382 2155 422 2200 ex
435 2137 534 2199 divim
547 2135 730 2198 institutione
743 2135 800 2210 ὣς
813 2133 936 2210 ordinis,
948 2140 979 2196 et
989 2133 1080 2212 juris·

80 2223 203 2286 dictionis
216 2232 286 2288 tto:
302 2227 461 2288 discrimen
467 2229 545 2288 inter
559 2233 716 2304 utramque
730 2231 796 2299 1113
808 2224 859 2301 qui
868 2240 1003 2288 summus
1013 2223 1084 2286 utri·

80 2330 162 2390 usque
182 2315 294 2390 gradus
312 2320 375 2376 tlt.
392 2315 446 2387 Qui
470 2313 761 2391 comprehendantur
777 2312 806 2372 in
824 2311 1082 2374 lrierarchiaordi-

80 2403 119 2462 nis
131 2408 189 2464 113.

81 2585 105 2638 et
115 2581 234 2642 clericos
246 2587 296 2642 atr
310 2602 317 2641 ε
329 2581 449 2658 quando
463 2581 513 2641 det
521 2580 764 2659 impedimentum
775 2581 916 2642 dirimens
928 2579 1080 2640 matrimo-

81 2667 150 2729 nium
162 2675 227 2744 3883
242 2670 361 2746 quando
371 2669 518 2746 producat
527 2669 773 2746 irregularitatem
789 2673 851 2729 lot.

108 2763 244 2842 Hounsrls
255 2759 375 2834 publica
388 2763 450 2819 383.
467 2759 590 2830 Quando
600 2777 640 2820 err
659 2776 695 2820 ea
708 2758 821 2819 oriatur
837 2757 1081 2834 impedimentum

81 2846 111 2904 ad
124 2848 342 2908 matrimonium
360 2852 413 2908 38t
427 2846 598 2907 :dissolutis
618 2847 806 2922 sponsalibus
829 2845 934 2906 validis
956 2845 1082 2922 impedi-

80 2943 198 2998 mentum
222 2937 356 3002 subsistit
366 2941 434 3010 3853
451 2935 583 2996 subsistit
600 2933 716 2994 etiamsi
728 2934 949 2996 matrimonium
962 2933 1000 2994 sit
1014 2935 1081 2994 nul·

81 3020 133 3084 lum
144 3043 181 3086 ex
197 3027 254 3086 alia
270 3043 371 3100 causa,
387 3041 476 3101 quam
494 3041 533 3084 ex
559 3023 676 3086 delectu
696 3041 861 3084 consensus
875 3027 937 3084 386.
954 3023 1028 3094 Quid
1042 3023 1079 3084 de

81 3126 119 3186 eo,
132 3115 179 3190 qui
200 3114 349 3175 contrahit
366 3113 515 3190 sponsalia
542 3129 611 3174 carm
631 3130 702 3187 una,
727 3112 833 3174 deinde
859 3110 1080 3174 matrimonium

81 3215 138 3262 cum
156 3203 211 3263 alia
225 3221 329 3264 sorore
341 3207 403 3264 387.
736 3263 741 3270 ,

107 3294 265 3353 flrrursnur
278 3297 340 3352 653.
356 3294 433 3362 Quot
452 3289 550 3351 modis
567 3289 764 3351 constituatur
785 3288 824 3352 ta.
844 3289 1035 3352 observanda
1051 3289 1082 3352 in

79 3380 210 3444 moderno
224 3381 464 3459 hypothecarum
475 3385 636 3462 systemate
650 3379 702 3456 iu,
716 3386 743 3442 t.

187 3693 211 3750 1.
