2490 4088
529 185 691 243 -tta-

91 319 169 367 nares
187 305 313 367 luerunt
330 309 490 382 ampuatae
513 305 565 378 (l).
581 309 645 368 nuc
658 305 788 384 deniqne
810 306 915 368 reterri
930 305 1020 368 debet
1032 305 1115 369 dele-

91 401 150 456 ctus
159 393 302 472 legitimae
320 394 425 468 atatis,
439 397 525 472 tquae,
540 409 679 471 cumpro
695 401 828 467 tonsura,
843 403 873 456 et
886 395 1052 457 minoribus
1064 413 1115 457 or-

91 482 200 544 dinibus
213 482 319 546 nullibi
331 483 499 560 reperiatur
517 481 549 542 in
563 485 629 560 lege
641 483 847 560 determinata,
863 483 1002 562 quaelibet
1016 490 1116 562 potest

92 576 234 648 sufficere,
256 573 348 635 modo
362 573 546 634 ordinandus
559 589 648 632 usum
663 572 787 633 rationis
803 580 833 634 et
846 572 1000 634 scientiam
1013 573 1116 651 requi-

91 662 170 723 sitam
203 662 322 722 habeat.
346 661 405 722 sed
426 678 482 738 pro
507 662 724 732 subdiaconatu
749 667 821 722 aetas
842 679 990 723 annorum
1011 661 1116 739 uginti

93 750 225 826 duorum,
254 767 310 829 pro
333 751 492 810 diaconatu
522 750 626 826 viginti
645 749 745 825 trium,
770 756 800 810 et
827 767 883 827 pro
906 753 1115 829 presbyteratu

91 838 185 918 viginti
194 838 807 918 quinquesalteminchoatorumannorum
815 840 1113 918 aetasrequiritnr(2).

118 987 151 1054 (l)
163 988 206 1039 De
218 987 262 1039 lais
285 985 411 1039 omnibns
425 987 510 1051 agunt
526 985 656 1038 Doctores
671 986 705 1036 ad
719 987 762 1038 tit.
785 986 819 1038 da
840 1001 913 1054 corp.
927 989 974 1040 vit.
997 989 1054 1041 ord.
1070 989 1115 1042 vel

93 1071 151 1110 non.
162 1061 190 1110 et
204 1058 304 1111 harum
320 1057 552 1122 irregularitatum
565 1057 680 1121 vestigia
688 1057 821 1111 habemus
833 1059 861 1110 in
871 1059 989 1111 Levitico
1000 1074 1060 1127 cap.
1073 1063 1114 1124 tl,

93 1130 135 1181 ubi
147 1130 279 1182 Dominus
294 1141 345 1194 per
356 1128 475 1194 Moysem
488 1128 547 1180 haec
563 1128 683 1193 loquitur
700 1129 733 1181 ad
747 1131 856 1180 Aaron:
873 1127 954 1182 Homo
971 1130 1115 1184 desemine

94 1203 133 1252 too
145 1213 193 1267 per
207 1199 343 1266 familias,
359 1199 407 1266 qai
417 1197 544 1252 Merserit
557 1199 702 1262 maculam,
716 1211 771 1252 non
785 1199 876 1266 offmt
894 1215 977 1262 pones
990 1202 1043 1254 Deo
1057 1216 1113 1255 suo.

94 1269 142 1324 Nec
156 1271 261 1324 accedet
274 1270 311 1322 ud
323 1269 509 1324 ministerium
522 1271 591 1336 ejus,
604 1269 629 1321 ai
642 1283 723 1322 cacus
734 1271 830 1336 suerit,
840 1271 864 1325 ri
876 1272 996 1336 claudia,
1011 1273 1036 1324 si
1049 1285 1114 1339 por·

95 1354 122 1394 oo
134 1342 172 1394 uel
182 1341 284 1406 mandi
299 1340 340 1393 vet
356 1343 426 1394 torto
444 1353 526 1402 nasu,
542 1339 567 1392 si
582 1339 671 1404 fracto
691 1340 765 1405 pede,
782 1341 806 1394 si
827 1355 922 1408 mono,
935 1343 959 1395 si
977 1344 1078 1410 pitius,
1091 1345 1116 1398 a·

96 1411 185 1478 liparo,
197 1411 223 1466 si
239 1411 392 1478 mmmmm
404 1409 502 1464 habens
515 1411 547 1464 in
558 1411 642 1475 oculo,
653 1411 782 1477 amera
797 1413 920 1477 sontem,
937 1414 962 1466 si
976 1413 1115 1480 impetrat-

26 1547 27 1550 *
95 1495 150 1536 nem
165 1483 196 1538 in
208 1495 328 1550 corpore,
341 1482 384 1538 oct
396 1480 545 1536 laminam.
562 1509 592 1522 -
607 1483 640 1548 (2)
656 1483 730 1534 trid.
745 1484 818 1536 Saso.
835 1485 877 1550 tt,
891 1498 915 1536 c.
930 1485 968 1550 tt,
985 1484 1019 1538 de
1034 1487 1084 1538 ret.

126 1665 185 1722 lot.
204 1665 250 1722 Ex
268 1659 387 1721 defectu
409 1659 554 1721 libertatis
577 1665 663 1720 erant
677 1660 856 1736 irregulares
867 1666 1003 1722 velerum
1025 1661 1115 1737 sard,

98 1749 151 1826 qui,
165 1749 256 1811 invito
270 1749 402 1822 domino,
423 1748 554 1810 ordinari
567 1765 629 1808 non
644 1755 784 1826 poterunt
795 1753 852 1823 (l);
869 1757 899 1810 et
913 1758 982 1810 sunt
1001 1751 1115 1828 irregu-

98 1838 167 1899 lares
187 1838 400 1915 conjugatae
418 1838 509 1899 etiam
526 1837 576 1910 illi,
593 1837 645 1913 qui
665 1845 803 1898 tenentur
816 1840 854 1898 ad
874 1838 1028 1900 ratiocinia
1046 1841 1117 1900 red·

99 1925 195 1986 denda.
211 1926 246 1986 lli
260 1926 341 1986 enim
355 1924 487 1986 ordinari
499 1933 664 2002 nequeunt,
685 1927 741 1986 nisi
756 1934 916 2004 postquam
929 1929 1116 1990 administra·

98 2013 177 2075 tionis
202 2016 335 2076 rationes
356 2014 549 2091 reddiderint,
576 2016 766 2092 officiumque
793 2016 995 2092 deposuerint,
1016 2019 1117 2094 qu'us-

25 2181 26 2184 *
100 2105 172 2164 modi
185 2111 254 2164 sunt
267 2111 393 2179 tutores,
407 2111 572 2180 curatores,
583 2113 805 2182 procuratores
815 2112 845 2165 et
856 2107 1067 2184 negotiatores,
1081 2125 1118 2170 ac

101 2190 181 2252 etiam
194 2193 377 2253 tributorum
395 2199 564 2266 exactores,
579 2195 629 2270 qui
648 2193 747 2270 potius
770 2194 855 2254 civile
872 2195 1066 2256 formidantes
1079 2197 1118 2258 de

101 2280 255 2341 rationibus
268 2280 429 2342 reddendis
449 2281 604 2358 judicium,
624 2299 711 2358 quam
726 2282 865 2342 Ecclesiae
877 2282 1040 2344 ministeria
1053 2284 1119 2344 dili·

102 2376 205 2446 gentas,
225 2369 359 2430 militiam
385 2370 619 2432 ecclesiasticam
639 2371 792 2447 suscipere
812 2371 995 2449 viderentur,
1013 2379 1047 2432 ut
1060 2379 1116 2436 lio·

101 2463 191 2521 ctores
201 2459 400 2522 communiter
416 2459 541 2521 tradunt
554 2464 606 2535 (2).

126 2607 159 2674 (1)
173 2607 231 2661 Hoc
244 2610 320 2676 patet
333 2621 367 2660 ax
389 2607 439 2661 tot.
453 2606 497 2662 tit.
518 2606 553 2662 de
574 2621 646 2662 sorr.
662 2621 717 2672 non
738 2606 797 2661 ord.
811 2633 843 2647 ·-
856 2607 893 2674 (t)
905 2608 948 2661 Ad
961 2609 1003 2660 tit.
1017 2608 1051 2662 de
1064 2609 1116 2664 obl.

102 2675 130 2730 od
139 2682 188 2732 rat.
204 2677 262 2732 ord.
276 2679 320 2734 vel
334 2691 400 2732 non.

128 2855 383 2917 recurrendo
406 2857 493 2917 fama
514 2854 717 2932 irregularitas
738 2855 922 2917 contrahitur
940 2871 980 2916 ex
999 2855 1119 2934 publico

99 2941 210 3006 tamine
229 2945 349 3005 infamia
367 2951 482 3014 notato,
501 2947 676 3006 nouaclum
690 2945 859 3006 secundum
870 2946 953 3022 leges
966 2944 1118 3021 Ecclesiae,

99 3033 145 3092 sed
165 3033 255 3094 etiam
273 3034 442 3095 secundum
455 3035 536 3110 legas
551 3034 653 3095 saeculi
665 3037 716 3108 (l).
732 3039 767 3094 nt
784 3033 854 3095 licet
867 3035 980 3096 crimen
991 3034 1117 3110 imputa-

100 3125 155 3184 tum
166 3139 228 3184 non
241 3123 280 3184 sit
291 3139 408 3199 verum,
423 3123 524 3184 adlruc
541 3129 608 3202 post
622 3123 764 3184 indictam
777 3123 905 3200 aJ'udice
918 3139 1041 3200 poenam
1053 3139 1118 3184 ma-

26 3277 30 3284 .
100 3221 159 3281 cula
179 3221 404 3298 irregularitatis
423 3228 513 3297 extat,
539 3221 609 3300 quia
629 3223 740 3282 aiama
758 3223 823 3282 haec
836 3238 928 3298 poena
947 3228 1118 3297 generatur,

100 3322 158 3383 quae
170 3309 260 3385 hona,
275 3315 306 3371 at
319 3310 510 3372 immaculata
530 3310 561 3370 in
579 3311 724 3372 ministris
744 3309 884 3371 Ecclesia
898 3316 1053 3387 tantopere
1070 3327 1117 3370 re·

100 3396 224 3473 quiritur,
239 3404 274 3460 ut
286 3405 398 3476 queant
410 3399 467 3460 rite
480 3400 618 3460 fidelibus
631 3401 786 3476 prodesse.
798 3399 986 3460 contrahitur
999 3415 1120 3474 quoque

100 3484 133 3544 ob
146 3486 201 3548 rita
212 3487 338 3565 alicuius
354 3487 437 3564 artis,
453 3495 505 3549 aut
519 3489 609 3549 officii
628 3488 813 3562 exercitium,
830 3489 915 3565 cuius
929 3487 1001 3548 artis
1014 3487 1119 3548 oflicii-

100 3587 151 3648 que
168 3577 281 3654 species
302 3577 517 3640 alioctoribus
535 3577 739 3655 designantur.
759 3580 793 3638 ln
808 3577 877 3654 jure
891 3583 990 3638 autem
1002 3574 1119 3653 irregu-
