2468 4090
473 193 630 250 -tlss-

31 311 167 375 probata,
186 311 272 364 alasa
288 311 439 374 conticeret,
453 311 591 366 licerium
604 311 733 366 laoneecm
748 312 782 366 atr
792 313 849 378 ipso
863 311 1010 368 Oraincrio
1019 326 1072 380 ap-

30 382 224 446 probandum,
243 396 304 434 cum
329 381 419 435 debita
442 383 570 435 mercedis
587 383 777 448 assignatione,
796 385 959 450 relinquant.
982 382 1070 436 Disce-

32 452 122 504 tenca·
142 458 235 507 autem
249 454 388 506 licentiam
403 454 433 506 in
446 453 563 518 scriptis,
582 454 718 520 pratisque
730 455 924 508 concedendam
936 455 1012 508 altra
1029 455 1070 508 tri-

32 528 140 578 mestre
158 528 272 589 tenipus,
282 525 338 576 nisi
351 538 384 576 ec
400 525 480 590 pram
493 539 584 587 corna,
598 538 653 576 nort
666 524 813 579 obtineant.
829 526 903 590 mad
915 527 940 579 si
950 539 998 590 per
1013 525 1071 580 edi·

33 597 94 647 tum
112 595 207 656 citati,
224 595 333 648 etiamsi
353 607 410 648 non
429 595 615 660 personaliter,
638 599 807 648 contumaces
820 597 935 663 suerint,
957 596 1071 652 liberum

33 679 87 716 esse
109 665 171 718 uult
197 665 353 718 &dinariis
365 679 414 732 per
426 679 552 719 caesares
574 665 770 728 ecctemmticar,
786 671 811 720 et
824 668 1069 734 sequestrationem,

34 739 58 788 ct
72 736 293 791 subtractionem
306 737 457 803 fractarum,
472 737 580 802 aliaque
598 737 673 804 juris
697 737 827 798 remedia,
842 738 926 790 etiam
938 753 1020 806 enque
1034 739 1071 793 ad

34 808 225 872 privationem
238 807 402 874 compellere.
420 808 494 859 Trid.
518 822 586 860 sess.
608 809 649 872 23,
662 822 686 860 c.
706 808 729 873 l,
746 809 775 860 in
790 808 835 860 lin.
852 809 885 862 de
901 809 949 861 rel.
966 811 1071 864 Deinde

34 878 193 930 Concilium
219 879 407 945 quodcumque
437 879 629 944 privilegium,
658 878 811 941 licentiam,
841 879 1069 948 lamiliaritatem,

35 951 248 1015 exemptionem,
263 951 425 1016 pactionem,
448 953 577 1004 statutum
593 951 674 1002 etiam
694 951 848 1016 J'uramento
872 951 1069 1018 confirmatum,

35 1021 265 1073 consuetudinem
288 1022 371 1072 etiam
393 1021 634 1073 immemorabilem
655 1021 684 1072 in
706 1021 872 1073 contrarium
895 1023 1023 1076 excludit.
1039 1049 1070 1062 -·

35 1093 70 1156 (Ι)
84 1093 169 1144 1)ίεῖ
192 1093 279 1145 octob.
296 1093 366 1144 lctl.
381 1093 513 1144 Bimestre
529 1091 690 1157 intelligitur
713 1093 871 1144 continuum
887 1093 930 1144 vel
951 1093 1068 1146 intarru·

36 1169 126 1228 ptum.
140 1164 211 1216 Hinc
225 1165 271 1230 qui
285 1178 335 1230 per
346 1163 497 1216 absentiam
508 1164 622 1222 dicrum,
639 1164 683 1216 vel
696 1155 928 1217 hebdomadarum
940 1164 1070 1218 bimestre

36 1236 195 1302 complevit,
207 1249 240 1288 ex
256 1249 338 1287 causa
352 1239 455 1286 tautum
470 1234 624 1287 rationabili
645 1249 701 1287 non
715 1239 805 1303 potest
825 1234 941 1288 ulterius
962 1236 1067 1289 abesse.

37 1332 64 1342 -
81 1307 121 1371 (3)
138 1307 213 1358 Talis
235 1310 277 1359 est
298 1305 451 1358 Christiana
465 1306 592 1370 charitas,
606 1320 707 1372 urgens
726 1307 885 1366 necessitas,
900 1307 993 1359 debita
1007 1307 1070 1360 obe·

38 1376 151 1436 dientia,
177 1381 204 1428 et
226 1377 338 1429 evidens
362 1377 501 1442 Ecclesiae,
524 1376 567 1428 vel
594 1377 763 1442 Reipublicae
784 1377 898 1430 utilitas.
925 1379 998 1429 Trid.
1022 1379 1068 1432 cit.

38 1460 98 1512 cap.
120 1448 187 1500 1.-
201 1449 236 1513 (4)
252 1449 376 1499 Diximus
390 1451 419 1499 in
440 1447 518 1499 titulo
542 1447 575 1498 de
595 1448 723 1513 capitulis
736 1451 937 1508 canonicorum,
953 1449 1067 1514 Episco-

37 1531 104 1582 pum
117 1533 172 1571 noo
185 1533 265 1584 posse
288 1519 415 1570 devenire
429 1519 464 1570 ad
477 1519 656 1585 privationem
669 1519 794 1572 beneficii
814 1520 917 1572 ratione
937 1520 1069 1574 absentiae

40 1590 159 1654 alicujus
172 1590 304 1650 canonici,
318 1589 371 1640 nisi
384 1596 445 1655 post
455 1591 585 1641 absentias
598 1590 761 1650 triennium,
777 1589 825 1641 sed
838 1591 897 1641 haec
907 1591 1002 1654 regula
1014 1605 1069 1644 non

39 1664 79 1711 est
94 1663 252 1714 necessario
267 1661 436 1713 observanda
450 1662 478 1711 in
493 1675 557 1713 casu
571 1661 695 1720 Porouhi.
711 1662 758 1726 qui
775 1675 853 1713 asua
867 1662 993 1728 parochia
1006 1676 1067 1727 per·

40 1736 146 1784 severat
160 1733 272 1793 abesse;
286 1734 350 1798 quia
366 1733 394 1783 in
406 1733 529 1784 absentia
552 1732 675 1784 canonici
696 1746 777 1796 grave
793 1733 883 1783 statim
901 1746 955 1784 non
967 1735 1068 1798 patitur

40 1801 163 1856 Ecclesia
178 1804 315 1863 damnum,
333 1819 395 1856 cum
409 1818 444 1854 ex
465 1804 578 1855 adverso
599 1803 628 1853 in
642 1804 766 1855 absentia
788 1804 903 1855 Parachi
925 1819 991 1856 cura
1007 1805 1067 1857 ani·

40 1887 146 1926 marum
158 1889 221 1926 max
243 1889 277 1926 ex
298 1889 374 1926 mora
387 1875 538 1939 periculum
560 1875 721 1928 habeat.1n
742 1888 807 1926 casu
830 1876 920 1941 itaqua
937 1876 1068 1930 absentia

41 1945 155 1998 Perochi
169 1947 212 1998 hae
227 1948 309 1998 statui
323 1950 438 2011 possunt
453 1960 555 1997 normes
572 1967 578 1996 :
593 1947 619 1996 l⁰
633 1947 662 1998 Si
676 1947 826 2012 Episcopus
840 1949 907 1999 velit
929 1947 1068 2000 declarare

40 2014 190 2069 Perochum
203 2019 338 2083 privatum
352 2031 384 2068 aa
396 2021 474 2083 parte
483 2017 628 2079 fructuum,
638 2031 706 2082 quos
715 2032 764 2084 per
774 2018 925 2069 absentiam
938 2032 992 2069 nou
1004 2020 1067 2071 lecit

41 2099 112 2149 suos,
126 2089 202 2140 nulla
218 2089 417 2140 estiormalitas
432 2089 609 2151 observanda,
625 2089 689 2155 quia
703 2089 737 2139 ad
752 2089 911 2153 benjamin
927 2091 1065 2142 conscien-

42 2157 75 2208 tia
91 2160 243 2212 tenebatur.
253 2161 279 2210 2⁰
297 2159 325 2210 Si
341 2159 406 2210 velit
420 2159 566 2224 procedere
580 2173 629 2225 per
642 2173 772 2210 censuras
781 2159 935 2210 necessaria
944 2161 1066 2213 esttrina

41 2231 158 2292 monitio,
173 2231 215 2282 vel
230 2230 325 2280 saltem
342 2243 397 2280 uua
410 2231 600 2295 peremptoria.
616 2231 681 2295 Gap.
705 2230 730 2292 9,
745 2230 778 2280 de
795 2233 863 2282 sent.
877 2242 978 2282 excom.
998 2231 1026 2282 in
1039 2233 1063 2284 6.

41 2299 62 2348 3⁰
74 2302 103 2351 Si
117 2303 182 2353 velit
198 2301 342 2365 procedere
356 2314 405 2365 per
421 2301 649 2352 substractionem
662 2301 809 2359 fructuum,
827 2300 908 2352 debet
921 2302 1065 2355 observare

42 2369 190 2434 intervalla,
204 2376 233 2423 et
249 2375 345 2437 quotes
368 2372 560 2422 determinatas
575 2386 591 2421 a
604 2372 760 2423 Tridentino
783 2372 812 2422 in
833 2385 901 2423 sess.
917 2373 940 2434 6,
955 2386 979 2423 c.
994 2372 1016 2436 l,
1031 2373 1064 2426 de

41 2443 86 2508 rel.
101 2443 149 2494 ubi
163 2443 252 2508 agitur
269 2443 302 2494 de
317 2442 512 2509 Episcoporum
533 2443 665 2504 absentia,
687 2456 748 2494 cum
770 2455 786 2492 a
807 2442 835 2494 S.
853 2442 1064 2507 congregatione

42 2515 125 2575 quoad
139 2515 210 2566 hanc
221 2527 330 2579 poenam
344 2514 469 2580 Episcopi
490 2518 517 2565 et
533 2513 648 2564 Parachi
665 2514 792 2565 absentes
806 2526 886 2578 pares
900 2514 1002 2564 luerint
1016 2514 1063 2566 de·

42 2583 139 2638 clareti.
155 2587 300 2650 Fagnanus
312 2586 340 2634 in
351 2597 408 2648 cap.
425 2583 466 2636 Ec
479 2587 530 2638 tuce
548 2583 588 2648 ll,
602 2584 635 2635 de
646 2585 709 2636 cler.
725 2583 870 2636 nonresid.
882 2599 911 2635 n.
924 2585 964 2636 il.
974 2585 1000 2636 l⁰
1010 2585 1061 2638 Do·
1095 2587 1100 2595 ’

41 2655 119 2720 nique
133 2656 157 2708 si
170 2657 236 2707 velit
250 2655 373 2706 beneficii
395 2657 574 2721 privationem
596 2655 704 2714 interra,
730 2655 840 2720 quidam
863 2655 1017 2720 opinantur,
1034 2657 1063 2708 id

42 2740 115 2790 posse
128 2731 190 2795 post
206 2727 317 2778 unicum
332 2727 459 2786 edictum,
477 2741 538 2778 cum
560 2740 679 2790 congruo
702 2725 884 2792 assIgnatione
901 2726 1020 2788 termini;
1035 2731 1063 2780 et

43 2795 188 2850 innituntur
202 2798 283 2850 citato
305 2798 388 2863 capiti
404 2798 426 2859 l,
442 2811 509 2849 sess.
524 2797 564 2856 23,
578 2798 627 2848 ubi
641 2797 829 2848 Tridentiuum
842 2811 927 2848 unum
942 2798 1062 2850 nominat

43 2868 156 2921 edictum
171 2875 199 2922 et
208 2869 378 2936 personalem
395 2870 547 2920 citationem
561 2882 615 2920 non
625 2869 755 2934 requirit:
771 2868 817 2920 alii
832 2871 923 2920 contra
938 2869 990 2918 tria
1003 2869 1060 2920 edi-

43 2941 81 2989 cta
96 2943 218 3006 poscunt,
233 2944 260 2990 et
273 2941 307 2990 ab
321 2939 416 2990 ultimo
430 2940 536 3005 lapsum
551 2953 597 2991 sex
611 2939 744 2991 mensium
758 2939 919 2990 continuatae
930 2939 1060 2992 absentiae

40 3009 113 3070 juxta
123 3015 204 3079 caput
220 3009 260 3062 llc
276 3014 327 3062 lace
342 3010 380 3075 ll,
395 3010 428 3062 da
443 3011 507 3062 cler.
521 3025 576 3061 nou
597 3010 679 3062 resid.
696 3010 740 3061 oui
756 3023 805 3074 per
825 3023 992 3076 consequens
1006 3024 1060 3062 non

43 3078 159 3133 tuisseta
175 3081 292 3133 Concilio
306 3081 472 3145 derogatum.
487 3081 558 3132 Huic
571 3081 697 3133 secundae
712 3081 851 3132 senteutiae
867 3081 1060 3132 adhaerendum

44 3157 172 3217 putamus,
186 3167 235 3217 pro
250 3167 304 3218 qua
322 3152 383 3203 duaa
406 3157 477 3204 stent
495 3153 522 3202 S.
538 3153 758 3218 congregationis
775 3152 886 3204 Concilii
900 3152 1058 3212 decisiones

43 3233 103 3284 quas
112 3225 195 3275 refert
204 3223 331 3274 Giraldus
341 3223 375 3274 ad
385 3223 497 3288 citcap.
507 3221 546 3275 Ec
557 3227 608 3276 tan
617 3224 660 3276 his
669 3225 772 3275 verbis:
783 3243 794 3271 a
807 3223 882 3285 Quod
893 3228 984 3274 autem
995 3237 1056 3274 con·

46 3310 55 3337 s
69 3297 108 3344 tra
121 3295 170 3345 hos
186 3295 223 3344 ita
235 3294 344 3357 procedi
359 3295 445 3359 possit
459 3293 606 3345 declaravit
619 3295 739 3346 etiams.
755 3295 930 3360 congregatio
946 3293 1058 3346 Concilii

46 3379 55 3408 v
71 3365 96 3415 in
109 3361 288 3416 (larentiam.
305 3365 336 3416 26
349 3364 436 3430 April.
453 3365 521 3427 laet,
542 3365 684 3417 dummodo
699 3368 750 3416 trie
764 3365 852 3417 edicta
864 3362 973 3430 publica
985 3379 1056 3428 prae-

46 3451 55 3479 ⁸
71 3437 205 3495 cesserint,
221 3436 331 3501 allapsi
345 3436 444 3487 luerint
458 3450 505 3487 sex
518 3451 626 3488 manses
641 3438 674 3487 ad
688 3437 876 3503 prescriptum
891 3435 1055 3487 constitutio·

46 3508 107 3558 «nis
128 3507 279 3558 innocentii
299 3505 350 3569 111,
368 3520 426 3574 cap.
447 3505 486 3558 Ec
500 3510 561 3559 tna.
585 3507 705 3572 Cumque
734 3507 878 3574 quesitum
905 3507 1056 3569 fuissetne

46 3592 55 3620 s
70 3577 223 3644 Episcopus,
240 3577 389 3644 praemissis
403 3578 492 3630 tribus
514 3579 717 3638 monitionibus,
730 3592 778 3644 pro
797 3577 955 3630 revocandis
969 3578 1054 3629 Paro-
