2546 4082
1112 181 1117 208 l

522 261 630 320 -293
652 289 684 304 ··

126 389 190 448 285.
205 389 284 446 later
297 399 419 460 poenam
443 383 555 446 lateat
573 383 703 446 lerendae
722 382 876 444 sententie
889 384 981 444 latum
999 388 1045 443 est
1058 381 1117 444 dis-

93 474 209 537 crimen
225 493 231 532 :
246 491 317 534 nam
338 491 430 550 poena
452 473 582 534 terendae
603 464 758 534 se‘ntentiae
771 489 832 532 non
845 470 966 549 obligat,
982 472 1037 533 nisi
1050 479 1120 550 post

88 563 268 626 sententiam
282 562 556 624 condemnatoriam
566 561 690 640 judicis,
702 578 795 637 poena
803 578 876 622 vero
887 563 954 622 latae
965 560 1119 622 sententiaa

91 652 193 714 statim
208 651 319 728 obligat
333 651 363 710 in
380 650 571 725 conscientia,
590 651 641 711 uhi
661 659 816 712 externam
835 652 1043 712 executionem
1058 667 1119 710 non

90 740 227 818 requirit,
240 740 283 801 uti
296 740 326 800 in
344 739 657 812 excommunicatione,
673 738 880 815 suspensione,
892 739 1118 816 irregularitate,

88 830 273 891 inhabilitate
289 829 327 890 ad
349 828 457 903 oldaia,
477 835 533 890 etc.
555 834 605 903 (t).
627 830 681 890 Ubi
700 846 773 889 vcro
795 835 950 890 externam
965 829 1118 889 executio-

87 936 160 980 nem
173 916 350 995 requiritur
363 918 393 976 in
407 917 573 993 privatione
583 917 716 993 dominii,
725 924 776 979 aut
787 916 934 990 beneficii,
950 917 1120 978 necessaria

88 1016 136 1068 est
164 1007 264 1067 adhuc
281 1006 389 1081 indicis
415 1007 561 1066 sententia
586 1007 781 1067 declaratoria
799 1005 951 1076 commissi
971 1006 1118 1080 criminis,

88 1113 249 1175 poenaeque
271 1101 448 1168 contractae,
468 1095 524 1154 nisi
550 1095 615 1156 talis
637 1095 798 1156 declaratio
816 1096 913 1170 alege
927 1095 1117 1168 excludatur3

89 1187 173 1264 quod
197 1184 260 1245 deri
275 1190 375 1261 potest
388 1201 442 1260 per
466 1185 637 1258 clausulam,
660 1185 749 1245 etiam
769 1184 831 1244 olla
851 1183 1045 1243 maturatione
1058 1200 1121 1244 noh

88 1282 201 1345 secute,
216 1276 263 1334 vel
279 1290 332 1350 per
347 1274 434 1333 aliam
449 1273 583 1334 similem.
601 1279 746 1334 Caeterum
759 1272 913 1333 sententiae
924 1271 1032 1347 judicis
1045 1290 1119 1333 con·

89 1363 296 1435 damnatoriae,
311 1367 341 1422 et
354 1361 557 1422 declaratoriae
571 1363 694 1422 effectus
709 1363 793 1422 valde
808 1362 944 1421 diversus
955 1367 1015 1420 est:
1028 1378 1119 1436 porro

89 1453 121 1512 in
148 1449 392 1513 condemnatoris
408 1468 500 1526 poena
519 1449 622 1528 incipit
651 1457 765 1511 tantum
787 1468 805 1510 a
823 1449 871 1510 die
893 1449 1064 1523 sententiae3
1088 1450 1119 1509 in

91 1541 290 1602 declaratoria
303 1547 403 1600 autem
424 1557 443 1600 a
462 1538 510 1599 die
532 1539 682 1600 commissi
695 1539 802 1614 dilecti,
818 1539 856 1600 ad
870 1555 959 1615 quem
973 1537 1037 1614 ipsa
1051 1555 1118 1599 sen-

89 1629 185 1690 tentia
205 1629 422 1690 retrotrahitur.
443 1634 539 1699 Quare
560 1629 610 1704 qui
623 1628 770 1688 beneflcio
788 1627 920 1704 privatur
940 1643 995 1701 per
1011 1626 1119 1702 iudicis

94 1717 275 1778 sententiam
290 1715 573 1789 condemnatoriam,
600 1716 678 1777 adie
702 1723 816 1777 tantum
836 1714 989 1775 sententiae
1003 1722 1119 1776 tenetur

90 1805 251 1866 restituere
271 1804 399 1879 tructus3
424 1807 477 1866 sed
497 1805 547 1882 qui
569 1805 701 1881 privatur
721 1822 776 1881 per
798 1805 1024 1866 declaratoriam
1039 1823 1057 1866 a
1070 1804 1118 1866 die

90 1894 193 1980 delicti
203 1895 320 1954 fruetus
330 1893 468 1954 beneficii
481 1894 638 1955 restituere
656 1900 783 1956 tenetur.

121 2062 158 2126 (1)
173 2060 356 2112 Nihilominus
376 2058 483 2125 quando
497 2059 657 2124 delinquens
671 2059 753 2111 babet
770 2059 878 2110 titulum
892 2059 1038 2111 coloratum
1053 2072 1117 2124 pns-

90 2133 198 2186 eidendi
213 2145 292 2183 suum
306 2131 475 2194 beneficium,
494 2131 551 2182 sive
567 2132 691 2196 gradum,
702 2131 744 2183 vel
758 2133 819 2195 ejus
832 2130 959 2182 delictum
976 2135 1017 2182 est
1031 2131 1119 2183 occul·

90 2208 160 2267 tum,
175 2208 251 2254 actus
259 2203 458 2267 jnrlsdictionis
473 2201 560 2254 valide
573 2205 686 2254 exercet.

128 2409 193 2465 286.
213 2408 322 2464 Omnes
338 2420 438 2480 poenae
460 2403 661 2478 medicinales,
681 2419 748 2481 quae
767 2402 950 2479 infliguntur,
970 2410 1004 2464 ut
1024 2403 1119 2464 delin-

94 2510 192 2570 quens
212 2492 390 2568 corrigatur,
406 2499 468 2553 eta
488 2492 675 2552 contumacia
697 2493 829 2566 desistat,
845 2493 900 2552 sub
918 2510 1051 2552 censurae
1068 2510 1118 2553 ec-

92 2579 268 2643 clesiasticae
282 2571 402 2640 nomine
420 2580 620 2656 continentur,
631 2589 662 2642 et
674 2587 758 2642 sunt:
775 2582 1047 2654 encommnnlcctio,
1057 2599 1120 2644 res·

87 2671 201 2748 pensio,
217 2676 247 2729 et
260 2669 450 2730 interdictum
466 2675 477 2743 (
497 2673 518 2740 ).

128 2756 404 2817 Excommnnicatio
425 2759 468 2818 sic
488 2759 644 2834 appellata,
667 2759 751 2834 quasi
770 2766 857 2820 extra
878 2758 1118 2821 communionem

89 2845 211 2923 eJectio,
239 2847 337 2923 quoad
364 2845 560 2906 substantiam
579 2845 658 2906 idom
680 2853 765 2907 sonat
786 2866 822 2908 ac
841 2849 1009 2923 anathema,
1037 2850 1117 2924 quod

89 2952 192 3014 graece
222 2936 441 3012 separationem
468 2936 615 3013 significat
642 2942 693 3010 (9).
723 2937 805 2998 Unde
832 2937 1112 3015 excommunicatio,

89 3025 154 3086 sive
179 3025 346 3099 anathema,
371 3033 413 3085 est
442 3043 568 3086 cernere
596 3025 796 3096 ecelesiastica,
826 3043 888 3102 qtae
910 3026 1131 3086 Christianum

89 3113 294 3174 communibus
320 3115 454 3190 fidelium
473 3115 552 3174 bohis
574 3115 672 3190 privat
690 3118 741 3185 (3).
764 3114 893 3174 Ecclesia
917 3116 1051 3191 profecto
1073 3132 1113 3174 ex
1137 3111 1141 3122 '

86 3204 156 3281 jure
181 3203 281 3262 divino
303 3209 481 3278 potestatem
503 3203 592 3262 hahet
612 3201 781 3278 graviorum
804 3202 960 3263 criminum
976 3220 1046 3264 reos
1064 3221 1114 3264 ex-

91 3291 341 3368 communicandi,
362 3292 426 3353 sive
447 3291 730 3365 anathematizandi,
751 3291 827 3352 sient
845 3292 943 3351 divina
963 3294 1027 3369 ejus
1046 3310 1113 3352 con·

90 3379 203 3441 stitutio
217 3380 385 3440 necessario
403 3379 536 3457 requirit,
555 3386 589 3440 ut
606 3380 733 3440 societas
752 3380 789 3440 sit
802 3382 958 3456 perlecta(
977 3391 998 3453 ).

128 3473 201 3529 Cum
214 3468 355 3544 praedicta
367 3469 515 3529 bonorum
533 3468 735 3529 communium
749 3469 873 3545 privatio
887 3469 921 3528 fit
933 3486 972 3529 cx
985 3469 1111 3546 integre,

89 3557 130 3616 ita
153 3563 187 3619 nt
214 3558 353 3618 excludat
377 3565 437 3619 tam
454 3557 560 3633 active,
583 3556 673 3633 quam
690 3557 808 3634 passive
831 3575 848 3617 a
872 3557 959 3618 bonis
980 3557 1112 3618 fidebam

91 3645 309 3724 communibus,
322 3647 428 3710 dicitur
447 3646 715 3710 excommunicatio
736 3648 834 3726 major
840 3667 850 3723 ,·
871 3654 901 3708 et
918 3646 943 3708 si
959 3653 1107 3724 exparte,
