2490 4088
537 268 698 324 -iii-

105 389 153 439 etc.
167 413 191 426 -
204 385 240 453 (7)
255 387 361 439 Dicitur
382 387 492 440 ordines
505 388 604 442 furtive
621 390 750 456 recipere,
769 389 815 457 qui
835 389 895 444 sino
912 391 1037 457 Episcopi
1054 393 1126 444 ordi·

26 515 27 518 ,
103 457 184 510 nantis
196 459 319 520 scientia,
335 461 363 510 et
379 459 525 522 voluntate,
540 475 594 511 non
616 465 736 523 vocatus,
750 475 800 512 nec
825 462 1005 522 examinatus,
1020 463 1061 514 vet
1075 464 1125 516 ad-

26 529 27 532 ’
104 529 194 581 missus
208 544 270 581 cum
283 530 346 582 aliis
359 528 518 582 ordinandis
531 545 560 582 se
576 533 676 597 ingerit
687 533 730 583 vel
746 545 843 584 nomen
858 533 970 584 alterius
982 535 1126 600 approbati

104 601 261 666 usurpando,
275 602 320 654 vel
335 602 418 653 alium
433 601 462 652 in
477 603 599 654 examine
614 603 666 654 suh
681 617 730 654 suo
744 605 853 655 nomine
873 605 1062 670 supponendo,
1080 619 1125 657 or·
1173 609 1176 618 “

104 671 172 725 dines
186 672 291 738 recipit.
306 673 372 737 Cap.
390 673 467 724 leil
482 673 516 724 da
531 686 563 725 eo
583 673 630 740 qui
644 674 708 724 furt.
724 680 773 726 etc.
791 701 820 712 -
835 673 870 739 (8)
885 675 949 740 Cap.
969 676 991 739 1,
1006 676 1040 727 de
1056 675 1124 728 cler.

102 755 146 806 per
164 743 224 794 salt.
246 748 359 808 promot.
375 771 406 781 -
422 743 458 809 (9)
479 745 517 796 llt
538 746 562 795 si
582 745 713 796 Sacerdos
725 746 790 796 velit
806 747 1016 798 confirmationis
1031 761 1123 799 sacra-

103 818 213 866 mentum
227 815 427 874 administrare.
442 819 489 868 aut
507 817 657 868 Ecclesiam
677 831 843 879 consecrare,
858 819 902 869 vel
923 819 1057 871 Diaconus
1078 833 1121 872 ce·

103 884 200 938 lebrare
214 888 336 938 missam.
351 887 416 952 Gap.
436 889 458 945 1,
474 887 508 938 de
527 887 591 939 cler.
611 902 665 940 non
677 889 734 940 ord.
744 893 807 952 etc,
821 889 892 954 iicet,
909 890 984 941 aliud
998 891 1123 943 obtineat

104 956 166 1008 circa
179 962 270 1010 actum
288 958 496 1022 jurisdictionis.
510 985 540 996 —
557 959 611 1024 Ι(10)
629 963 695 1026 Gap.
710 961 741 1011 31
761 960 794 1010 de
811 965 879 1011 sent.
899 975 1046 1012 excom-
1070 962 1123 1028 (11)

104 1027 196 1092 Cani,
211 1044 235 1082 c.
257 1029 296 1093 ii,
311 1043 338 1094 q.
353 1031 377 1081 3.
394 1056 426 1068 -
440 1028 491 1095 (12)
511 1029 577 1096 Cap.
595 1031 617 1088 t,
632 1031 666 1082 de
685 1033 753 1082 seut.
775 1035 844 1102 et're
861 1031 921 1096 jud.
938 1032 965 1082 in
982 1034 1006 1084 a.
1021 1034 1115 1096 -(13)

104 1099 159 1165 Cap.
172 1101 202 1152 sc
216 1101 251 1152 de
265 1105 334 1152 sent.
348 1114 450 1152 excom.
463 1101 491 1151 in
504 1102 566 1152 6.-
579 1101 630 1167 (it)
644 1102 708 1167 Cap.
726 1102 753 1153 l8
766 1102 825 1153 eod.
839 1103 924 1154 Poena
935 1102 1120 1167 irregularita-

103 1171 133 1222 tis
153 1171 230 1222 afficit
256 1172 338 1224 otiam
360 1172 473 1224 clericos
489 1173 517 1222 in
535 1173 686 1225 minorihus
705 1173 874 1238 constitutos,
888 1173 935 1238 qui
955 1179 1046 1226 tamen
1061 1175 1121 1226 sine

103 1242 259 1309 manipulos
281 1243 467 1309 superioribus
490 1243 595 1294 invitati
617 1257 650 1295 ex
671 1245 833 1297 necessitate
857 1249 972 1310 possunt
994 1243 1068 1296 licite
1092 1245 1121 1296 in

104 1313 177 1366 missa
185 1315 291 1368 solenni
300 1314 330 1366 iu
340 1314 426 1368 officio
439 1313 597 1367 subdiaconi
607 1315 766 1366 ministrare.
775 1315 802 1366 S.
811 1315 865 1367 Rit.
876 1314 959 1382 (long.
967 1316 982 1367 3
990 1316 1043 1382 jul.
1051 1316 1120 1368 1698.

132 1486 190 1544 101.
217 1483 301 1544 circa
311 1481 485 1543 societatem
499 1481 640 1543 delictum
668 1481 884 1558 irregularitate
914 1487 1049 1542 notatum
1074 1489 1120 1544 est

103 1571 210 1647 lurtum,
218 1569 337 1648 rapina,
350 1588 452 1644 usura,
467 1570 625 1645 calumnia,
639 1570 827 1643 maleficium,
846 1570 1034 1645 veneficium,
1049 1572 1119 1631 laesa

104 1661 238 1736 majestas,
269 1660 385 1736 aliaque
407 1659 540 1734 crimina,
566 1677 633 1737 quae
659 1659 906 1735 irregularitatem
930 1661 1067 1734 afferunt,
1094 1660 1120 1720 ai

104 1749 207 1823 pubica
225 1756 256 1810 et
284 1749 401 1808 notaria
420 1749 480 1809 sint
502 1753 553 1822 (1).
575 1747 769 1808 homicidium
792 1750 879 1824 plene
904 1749 1115 1822 voluntarium,

104 1833 203 1896 etiamsi
215 1839 369 1918 occultum
387 1837 435 1912 sit,
456 1853 548 1914 poena
565 1835 789 1913 irregularitatis
809 1837 948 1913 plectitur
964 1840 1019 1910 (1);
1035 1839 1117 1913 quod

104 1927 258 1987 extenditur
272 1927 311 1987 ad
325 1928 526 2000 consulentes,
536 1927 712 1987 mandentes
722 1929 774 1999 (3),
790 1925 828 1987 ad
838 1932 1035 2002 cooperantes
1048 1933 1118 2001 post

103 2029 278 2077 communem
301 2015 565 2093 conspirationem,
581 2013 697 2075 etiamsi
710 2032 749 2075 ex
763 2013 897 2091 pluribus
910 2031 989 2075 unus
1002 2021 1118 2075 mnium

103 2104 204 2166 occidet
227 2109 279 2180 (1),
303 2105 342 2164 ad
356 2105 531 2174 duellanteS,
558 2120 723 2179 eorumque
740 2103 874 2178 patrinos
892 2107 944 2177 (5),
959 2103 997 2162 ad
1013 2120 1118 2179 procu·

101 2202 186 2254 mutes
205 2195 344 2254 abortum
370 2195 462 2254 foetus
482 2191 603 2253 animati
632 2197 687 2265 (6),
708 2192 746 2251 ad
768 2201 922 2267 patronos
951 2207 1116 2268 eorumque

100 2289 190 2355 postea
196 2282 413 2344 descendentes
425 2299 522 2358 usque
536 2282 574 2341 ad
583 2287 720 2358 quartam
733 2278 966 2356 generationem,
981 2279 1007 2339 si
1017 2286 1116 2340 recto-

99 2381 154 2430 rem
173 2377 339 2448 paironatae
356 2370 493 2431 ecclcsiae
506 2387 562 2446 per
576 2387 619 2443 se,
633 2371 682 2429 vel
698 2385 753 2445 per
774 2370 848 2428 alios
866 2367 1002 2428 occidant
1017 2373 1068 2442 (7),
1084 2375 1115 2429 et

99 2458 211 2534 aditos,
233 2460 285 2536 qni
299 2459 493 2520 homicidium
505 2459 660 2518 fortuitum
673 2457 871 2530 committunt,
883 2456 935 2516 ubi
948 2457 1006 2516 sint
1018 2457 1114 2532 negli-

97 2539 188 2622 gentes
199 2549 338 2626 inopere
354 2565 410 2608 suo
433 2551 485 2622 (8),
505 2549 554 2607 vel
571 2546 616 2607 rei
629 2545 735 2607 illicis
750 2553 780 2606 et
793 2547 969 2623 periculosae
988 2562 1112 2622 operum

97 2635 157 2697 dent
169 2641 220 2712 (9).
239 2637 438 2698 nomicidium
459 2653 534 2697 vero
552 2636 705 2696 fortuitum
725 2635 838 2712 absque
859 2635 948 2710 culpe
969 2641 999 2694 et
1018 2651 1111 2710 opere

26 2797 27 2804 ἵ
96 2723 194 2802 lida,
208 2726 253 2787 uti
266 2726 459 2808 homicidium
482 2724 685 2786 necessarium
702 2724 742 2784 ad
760 2723 806 2783 sui
827 2722 1039 2796 defensionem,
1055 2722 1109 2782 ob-

95 2823 200 2876 servato
221 2815 428 2876 moderamine
447 2814 605 2890 inculpatae
626 2814 736 2886 tutelae,
750 2812 862 2871 nullam
881 2810 994 2870 inducit
1005 2827 1108 2870 macu-

26 2897 27 2902 ’
95 2901 144 2964 lam
167 2911 236 2980 (10).
261 2910 335 2964 item
352 2903 508 2976 mutilatio,
534 2900 676 2961 abscissio
693 2899 834 2960 nimirum
854 2899 981 2961 membri
998 2898 1110 2976 princi-

94 2993 157 3066 palia
177 2993 315 3054 habentis
335 2993 469 3053 oiflcium
486 2991 658 3052 distinctum
676 2990 714 3048 ah
736 2990 810 3064 eliis
828 2995 995 3062 utmanus,
1013 2988 1110 3064 pedis,

93 3082 171 3157 oculi,
185 3081 435 3158 irregularitatem
449 3080 534 3141 aitert
544 3087 607 3140 tum
618 3079 649 3138 in
667 3079 831 3155 mutilante,
844 3085 909 3141 tum
921 3079 951 3139 in
962 3077 1108 3154 mutilato,

93 3177 117 3228 et
128 3173 252 3232 maxime
268 3171 294 3231 si
305 3171 372 3248 quis
386 3187 419 3230 se
433 3170 532 3247 ipsum
543 3168 659 3229 mutilet
673 3172 742 3243 (11).

117 3309 149 3374 (1)
160 3313 223 3364 Gan.
242 3310 281 3374 17,
296 3325 320 3362 c.
333 3311 357 3373 0,
372 3325 400 3376 q.
415 3311 438 3362 l.
450 3337 483 3350 -
496 3309 533 3375 (0)
546 3309 619 3361 Trid.
635 3321 703 3360 sess.
720 3308 757 3372 11,
772 3323 795 3360 c.
807 3308 832 3370 1,
844 3308 878 3359 de
892 3307 941 3359 rei.
950 3333 983 3346 -
992 3305 1027 3372 (3)
1040 3308 1105 3360 Gen.

93 3378 111 3442 8,
124 3381 181 3434 dist.
192 3385 233 3435 50.
249 3409 282 3420 -
294 3381 330 3447 (1)
340 3383 406 3448 Gap.
420 3383 460 3446 18,
478 3381 512 3433 de
526 3381 686 3432 homicid-
697 3380 733 3446 (5)
746 3378 820 3431 Trid.
834 3392 902 3430 sess.
916 3379 959 3436 it,
977 3393 1001 3430 c.
1017 3380 1056 3442 19,
1071 3378 1105 3436 de

92 3451 133 3502 rei.
145 3479 175 3491 -
188 3454 223 3518 (8)
237 3453 301 3518 Cap.
316 3453 347 3504 aa
367 3453 402 3504 de
419 3451 545 3504 homicid.
561 3479 589 3488 -
610 3451 646 3517 (7)
660 3451 723 3518 Cap.
741 3451 770 3501 11
783 3451 816 3502 de
830 3463 905 3514 poen.
918 3477 949 3488 -
960 3449 996 3515 (8)
1008 3449 1105 3516 capt
1206 3507 1208 3516 x

92 3519 119 3571 do
130 3522 253 3576 homicid·
266 3529 365 3576 elcan.
378 3525 417 3586 49,
433 3525 493 3576 dist.
509 3523 584 3576 50.-
596 3523 631 3587 (9)
645 3523 709 3589 Cep.
719 3524 733 3574 3
744 3522 778 3574 de
793 3520 919 3573 homicid.
931 3521 960 3572 in
970 3522 994 3584 6,
1006 3528 1033 3572 et
1042 3534 1101 3585 cap.

93 3589 124 3654 19,
136 3595 192 3648 eod.
208 3596 268 3648 Hoc
277 3595 387 3661 quidem
401 3601 504 3647 certum
519 3597 569 3659 est,
583 3608 645 3645 cum
660 3593 721 3659 quis
734 3593 781 3645 dat
803 3605 914 3658 operam
930 3593 970 3644 rei
989 3592 1101 3654 illicitae,

93 3673 161 3730 tque
174 3668 235 3734 quis
248 3667 386 3721 abstinere
396 3665 537 3721 debuisset
550 3665 585 3720 cb
598 3663 749 3731 periculum
763 3663 946 3718 homicidiisi
956 3677 1021 3718 roro
1030 3673 1101 3728 opus
