<?xml version="1.0" encoding="UTF-8"?>
<!DOCTYPE html PUBLIC "-//W3C//DTD XHTML 1.0 Transitional//EN"
    "http://www.w3.org/TR/xhtml1/DTD/xhtml1-transitional.dtd">
<html xmlns="http://www.w3.org/1999/xhtml" xml:lang="en" lang="en">
 <head>
  <title>
</title>
<meta http-equiv="Content-Type" content="text/html;charset=utf-8" />
  <meta name='ocr-system' content='tesseract 3.04.00' />
  <meta name='ocr-capabilities' content='ocr_page ocr_carea ocr_par ocr_line ocrx_word'/>
</head>
<body>
  <div class='ocr_page' id='page_1' title='image "./summainstitutio00ferrgoog_0139.png"; bbox 0 0 2490 4088; ppageno 0'>
   <div class='ocr_carea' id='block_1_1' title="bbox 626 182 769 241">
    <p class='ocr_par' dir='ltr' id='par_1_1' title="bbox 626 182 769 241">
     <span class='ocr_line' id='line_1_1' title="bbox 626 182 769 241; baseline 0.007 -18"><span class='ocrx_word' id='word_1_1' title='bbox 626 182 716 241; x_wconf 52' lang='lat'>474</span> <span class='ocrx_word' id='word_1_2' title='bbox 733 213 769 224; x_wconf 91' lang='lat'>..</span> 
     </span>
    </p>
   </div>
   <div class='ocr_carea' id='block_1_2' title="bbox 184 301 1211 1002">
    <p class='ocr_par' dir='ltr' id='par_1_2' title="bbox 184 301 1211 1002">
     <span class='ocr_line' id='line_1_2' title="bbox 186 301 1206 381; baseline 0.001 -18"><span class='ocrx_word' id='word_1_3' title='bbox 186 303 372 364; x_wconf 77' lang='lat' dir='ltr'>absolveres</span> <span class='ocrx_word' id='word_1_4' title='bbox 387 301 529 378; x_wconf 83' lang='lat' dir='ltr'>peccatis.</span> <span class='ocrx_word' id='word_1_5' title='bbox 545 302 606 379; x_wconf 88' lang='lat' dir='ltr'>ipsi</span> <span class='ocrx_word' id='word_1_6' title='bbox 620 303 675 363; x_wconf 86' lang='lat' dir='ltr'>soli</span> <span class='ocrx_word' id='word_1_7' title='bbox 687 311 799 381; x_wconf 90' lang='lat' dir='ltr'>queunt</span> <span class='ocrx_word' id='word_1_8' title='bbox 810 304 1012 380; x_wconf 73' lang='lat' dir='ltr'>magistratus</span> <span class='ocrx_word' id='word_1_9' title='bbox 1029 311 1060 364; x_wconf 91' lang='lat' dir='ltr'>et</span> <span class='ocrx_word' id='word_1_10' title='bbox 1072 305 1206 380; x_wconf 75' lang='lat' dir='ltr'>prelatu-</span> 
     </span>
     <span class='ocr_line' id='line_1_3' title="bbox 185 389 1208 469; baseline 0 -17"><span class='ocrx_word' id='word_1_11' title='bbox 185 397 236 452; x_wconf 84' lang='grc'>166</span> <span class='ocrx_word' id='word_1_12' title='bbox 248 389 463 452; x_wconf 84' lang='lat' dir='ltr'>ecclesiasticas</span> <span class='ocrx_word' id='word_1_13' title='bbox 475 407 596 466; x_wconf 80' lang='lat' dir='ltr'>gerere,</span> <span class='ocrx_word' id='word_1_14' title='bbox 611 393 695 469; x_wconf 84' lang='lat' dir='ltr'>leges</span> <span class='ocrx_word' id='word_1_15' title='bbox 716 398 746 452; x_wconf 89' lang='lat' dir='ltr'>ct</span> <span class='ocrx_word' id='word_1_16' title='bbox 767 393 928 454; x_wconf 83' lang='lat' dir='ltr'>sententias</span> <span class='ocrx_word' id='word_1_17' title='bbox 941 393 972 452; x_wconf 94' lang='lat' dir='ltr'>in</span> <span class='ocrx_word' id='word_1_18' title='bbox 984 393 1051 453; x_wconf 87' lang='lat' dir='ltr'>loro</span> <span class='ocrx_word' id='word_1_19' title='bbox 1065 393 1208 453; x_wconf 87' lang='lat' dir='ltr'>canonico</span> 
     </span>
     <span class='ocr_line' id='line_1_4' title="bbox 185 465 1209 557; baseline 0 -18"><span class='ocrx_word' id='word_1_20' title='bbox 185 465 432 552; x_wconf 77' lang='lat' dir='ltr'>ferre,censu1&#39;·as</span> <span class='ocrx_word' id='word_1_21' title='bbox 451 479 553 554; x_wconf 86' lang='lat' dir='ltr'>edere,</span> <span class='ocrx_word' id='word_1_22' title='bbox 576 479 608 540; x_wconf 94' lang='lat' dir='ltr'>in</span> <span class='ocrx_word' id='word_1_23' title='bbox 632 473 786 541; x_wconf 86' lang='lat' dir='ltr'>bencilc&#39;iis</span> <span class='ocrx_word' id='word_1_24' title='bbox 804 481 968 554; x_wconf 83' lang='lat' dir='ltr'>instituere,</span> <span class='ocrx_word' id='word_1_25' title='bbox 993 479 1107 557; x_wconf 86' lang='lat' dir='ltr'>aliaque</span> <span class='ocrx_word' id='word_1_26' title='bbox 1120 480 1209 556; x_wconf 89' lang='lat' dir='ltr'>spiri·</span> 
     </span>
     <span class='ocr_line' id='line_1_5' title="bbox 187 566 1206 646; baseline 0.001 -19"><span class='ocrx_word' id='word_1_27' title='bbox 187 567 278 627; x_wconf 86' lang='lat' dir='ltr'>tualia</span> <span class='ocrx_word' id='word_1_28' title='bbox 290 566 328 626; x_wconf 89' lang='lat' dir='ltr'>ab</span> <span class='ocrx_word' id='word_1_29' title='bbox 343 566 547 628; x_wconf 84' lang='lat' dir='ltr'>ecclesiastica</span> <span class='ocrx_word' id='word_1_30' title='bbox 558 567 764 644; x_wconf 88' lang='lat' dir='ltr'>jurisdictione</span> <span class='ocrx_word' id='word_1_31' title='bbox 776 568 974 645; x_wconf 81' lang='lat' dir='ltr'>dependentia</span> <span class='ocrx_word' id='word_1_32' title='bbox 993 568 1140 646; x_wconf 83' lang='lat' dir='ltr'>explicare</span> <span class='ocrx_word' id='word_1_33' title='bbox 1153 573 1206 640; x_wconf 82' lang='lat' dir='ltr'>(l).</span> 
     </span>
     <span class='ocr_line' id='line_1_6' title="bbox 187 655 1209 736; baseline 0 -20"><span class='ocrx_word' id='word_1_34' title='bbox 187 661 238 716; x_wconf 82' lang='lat' dir='ltr'>11ae</span> <span class='ocrx_word' id='word_1_35' title='bbox 248 661 348 716; x_wconf 88' lang='lat' dir='ltr'>autem</span> <span class='ocrx_word' id='word_1_36' title='bbox 361 655 567 732; x_wconf 80' lang='lat' dir='ltr'>praerogativae</span> <span class='ocrx_word' id='word_1_37' title='bbox 579 663 732 736; x_wconf 90' lang='lat' dir='ltr'>tamquam</span> <span class='ocrx_word' id='word_1_38' title='bbox 745 656 948 732; x_wconf 80' lang='lat' dir='ltr'>necessarium</span> <span class='ocrx_word' id='word_1_39' title='bbox 962 675 1147 734; x_wconf 86' lang='lat' dir='ltr'>consequens</span> <span class='ocrx_word' id='word_1_40' title='bbox 1160 660 1209 733; x_wconf 87' lang='lat' dir='ltr'>jus</span> 
     </span>
     <span class='ocr_line' id='line_1_7' title="bbox 186 731 1211 821; baseline 0.002 -17"><span class='ocrx_word' id='word_1_41' title='bbox 186 743 342 805; x_wconf 85' lang='lat' dir='ltr'>involvunt</span> <span class='ocrx_word' id='word_1_42' title='bbox 354 744 539 821; x_wconf 87' lang='lat' dir='ltr'>percipiendi</span> <span class='ocrx_word' id='word_1_43' title='bbox 552 731 888 820; x_wconf 70' lang='lat' dir='ltr'>lnrctus&#39;iiocle&#39;siarnm,</span> <span class='ocrx_word' id='word_1_44' title='bbox 898 753 928 806; x_wconf 88' lang='lat' dir='ltr'>et</span> <span class='ocrx_word' id='word_1_45' title='bbox 940 746 1168 819; x_wconf 69' lang='lat' dir='ltr'>beneficiorum,</span> <span class='ocrx_word' id='word_1_46' title='bbox 1181 753 1211 806; x_wconf 87' lang='lat' dir='ltr'>et</span> 
     </span>
     <span class='ocr_line' id='line_1_8' title="bbox 187 832 1210 910; baseline 0.001 -17"><span class='ocrx_word' id='word_1_47' title='bbox 187 833 334 894; x_wconf 89' lang='lat' dir='ltr'>honorem</span> <span class='ocrx_word' id='word_1_48' title='bbox 348 833 501 893; x_wconf 82' lang='lat' dir='ltr'>continent</span> <span class='ocrx_word' id='word_1_49' title='bbox 514 832 692 894; x_wconf 89' lang='lat' dir='ltr'>nobiliorem</span> <span class='ocrx_word' id='word_1_50' title='bbox 712 834 879 910; x_wconf 87' lang='lat' dir='ltr'>occupandi</span> <span class='ocrx_word' id='word_1_51' title='bbox 896 836 998 895; x_wconf 91' lang='lat' dir='ltr'>locum</span> <span class='ocrx_word' id='word_1_52' title='bbox 1019 834 1050 894; x_wconf 93' lang='lat' dir='ltr'>in</span> <span class='ocrx_word' id='word_1_53' title='bbox 1069 835 1210 907; x_wconf 82' lang='lat' dir='ltr'>Ecclesia,</span> 
     </span>
     <span class='ocr_line' id='line_1_9' title="bbox 184 919 1149 1002; baseline 0.003 -20"><span class='ocrx_word' id='word_1_54' title='bbox 184 919 219 982; x_wconf 90' lang='lat' dir='ltr'>&#39;et</span> <span class='ocrx_word' id='word_1_55' title='bbox 227 921 360 999; x_wconf 84' lang='lat' dir='ltr'>praecedi</span> <span class='ocrx_word' id='word_1_56' title='bbox 373 920 505 998; x_wconf 76' lang='lat' dir='ltr'>collegiis</span> <span class='ocrx_word' id='word_1_57' title='bbox 517 923 662 984; x_wconf 87' lang='lat' dir='ltr'>laicorum</span> <span class='ocrx_word' id='word_1_58' title='bbox 674 923 804 985; x_wconf 82' lang='lat' dir='ltr'>maxime</span> <span class='ocrx_word' id='word_1_59' title='bbox 816 922 847 984; x_wconf 93' lang='lat' dir='ltr'>in</span> <span class='ocrx_word' id='word_1_60' title='bbox 860 922 986 1001; x_wconf 83' lang='lat' dir='ltr'>publicis</span> <span class='ocrx_word' id='word_1_61' title='bbox 1000 923 1149 1002; x_wconf 88' lang='lat' dir='ltr'>precibus.</span> 
     </span>
    </p>
   </div>
   <div class='ocr_carea' id='block_1_3' title="bbox 218 1089 731 1156">
    <p class='ocr_par' dir='ltr' id='par_1_3' title="bbox 218 1089 731 1156">
     <span class='ocr_line' id='line_1_10' title="bbox 218 1089 731 1156; baseline 0.002 -14"><span class='ocrx_word' id='word_1_62' title='bbox 218 1089 253 1155; x_wconf 83' lang='grc'>(1)</span> <span class='ocrx_word' id='word_1_63' title='bbox 268 1089 363 1144; x_wconf 83' lang='lat' dir='ltr'>Daunii</span> <span class='ocrx_word' id='word_1_64' title='bbox 377 1089 445 1143; x_wconf 84' lang='lat' dir='ltr'>luat.</span> <span class='ocrx_word' id='word_1_65' title='bbox 459 1103 519 1143; x_wconf 81' lang='lat' dir='ltr'>cun.</span> <span class='ocrx_word' id='word_1_66' title='bbox 533 1089 552 1141; x_wconf 90' lang='lat' dir='ltr'>l.</span> <span class='ocrx_word' id='word_1_67' title='bbox 569 1089 592 1155; x_wconf 93' lang='lat' dir='ltr'>l,</span> <span class='ocrx_word' id='word_1_68' title='bbox 605 1092 625 1144; x_wconf 86' lang='lat' dir='ltr'>t.</span> <span class='ocrx_word' id='word_1_69' title='bbox 642 1091 665 1156; x_wconf 95' lang='lat' dir='ltr'>l,</span> <span class='ocrx_word' id='word_1_70' title='bbox 679 1090 692 1156; x_wconf 70' lang='grc'>1</span> <span class='ocrx_word' id='word_1_71' title='bbox 706 1091 731 1143; x_wconf 80' lang='grc'>5.</span> 
     </span>
    </p>
   </div>
   <div class='ocr_carea' id='block_1_4' title="bbox 187 1257 1236 2320">
    <p class='ocr_par' dir='ltr' id='par_1_4' title="bbox 187 1257 1236 2320">
     <span class='ocr_line' id='line_1_11' title="bbox 223 1257 1213 1337; baseline 0 -17"><span class='ocrx_word' id='word_1_72' title='bbox 223 1261 268 1320; x_wconf 84' lang='grc'>68.</span> <span class='ocrx_word' id='word_1_73' title='bbox 289 1257 374 1319; x_wconf 84' lang='lat' dir='ltr'>Circa</span> <span class='ocrx_word' id='word_1_74' title='bbox 396 1257 573 1320; x_wconf 88' lang='lat' dir='ltr'>secundum.</span> <span class='ocrx_word' id='word_1_75' title='bbox 595 1258 639 1319; x_wconf 88' lang='lat' dir='ltr'>ob</span> <span class='ocrx_word' id='word_1_76' title='bbox 659 1257 846 1334; x_wconf 80' lang='lat' dir='ltr'>privilegium</span> <span class='ocrx_word' id='word_1_77' title='bbox 865 1257 923 1318; x_wconf 85' lang='lat' dir='ltr'>lori</span> <span class='ocrx_word' id='word_1_78' title='bbox 940 1257 1040 1320; x_wconf 87' lang='lat' dir='ltr'>clerici</span> <span class='ocrx_word' id='word_1_79' title='bbox 1061 1267 1213 1337; x_wconf 87' lang='lat' dir='ltr'>nequeunt</span> 
     </span>
     <span class='ocr_line' id='line_1_12' title="bbox 188 1344 1213 1422; baseline 0 -14"><span class='ocrx_word' id='word_1_80' title='bbox 188 1346 252 1408; x_wconf 85' lang='lat' dir='ltr'>sive</span> <span class='ocrx_word' id='word_1_81' title='bbox 268 1349 414 1419; x_wconf 86' lang='lat' dir='ltr'>volentes,</span> <span class='ocrx_word' id='word_1_82' title='bbox 430 1347 494 1408; x_wconf 87' lang='lat' dir='ltr'>sive</span> <span class='ocrx_word' id='word_1_83' title='bbox 506 1345 590 1406; x_wconf 86' lang='lat' dir='ltr'>inviti</span> <span class='ocrx_word' id='word_1_84' title='bbox 602 1345 634 1406; x_wconf 94' lang='lat' dir='ltr'>in</span> <span class='ocrx_word' id='word_1_85' title='bbox 645 1344 790 1422; x_wconf 74' lang='lat' dir='ltr'>iudicium</span> <span class='ocrx_word' id='word_1_86' title='bbox 802 1348 946 1408; x_wconf 85' lang='lat' dir='ltr'>saeculare</span> <span class='ocrx_word' id='word_1_87' title='bbox 959 1347 1122 1421; x_wconf 86' lang='lat' dir='ltr'>conveniri,</span> <span class='ocrx_word' id='word_1_88' title='bbox 1132 1356 1213 1409; x_wconf 84' lang='lat' dir='ltr'>anta</span> 
     </span>
     <span class='ocr_line' id='line_1_13' title="bbox 188 1433 1214 1518; baseline 0.001 -24"><span class='ocrx_word' id='word_1_89' title='bbox 188 1436 324 1496; x_wconf 87' lang='lat' dir='ltr'>saeculari</span> <span class='ocrx_word' id='word_1_90' title='bbox 341 1435 439 1512; x_wconf 87' lang='lat' dir='ltr'>judice</span> <span class='ocrx_word' id='word_1_91' title='bbox 464 1433 575 1512; x_wconf 89' lang='lat' dir='ltr'>puniri.</span> <span class='ocrx_word' id='word_1_92' title='bbox 590 1439 661 1494; x_wconf 82' lang='lat' dir='ltr'>ture</span> <span class='ocrx_word' id='word_1_93' title='bbox 681 1433 832 1494; x_wconf 90' lang='lat' dir='ltr'>communi</span> <span class='ocrx_word' id='word_1_94' title='bbox 849 1433 996 1512; x_wconf 89' lang='lat' dir='ltr'>inspecto,</span> <span class='ocrx_word' id='word_1_95' title='bbox 1014 1439 1155 1518; x_wconf 87' lang='lat' dir='ltr'>generale</span> <span class='ocrx_word' id='word_1_96' title='bbox 1169 1442 1214 1496; x_wconf 87' lang='lat' dir='ltr'>est</span> 
     </span>
     <span class='ocr_line' id='line_1_14' title="bbox 188 1523 1213 1601; baseline 0 -17"><span class='ocrx_word' id='word_1_97' title='bbox 188 1526 247 1585; x_wconf 90' lang='lat' dir='ltr'>hoc</span> <span class='ocrx_word' id='word_1_98' title='bbox 267 1524 455 1601; x_wconf 82' lang='lat' dir='ltr'>privilegium</span> <span class='ocrx_word' id='word_1_99' title='bbox 487 1539 593 1584; x_wconf 90' lang='lat' dir='ltr'>omnes</span> <span class='ocrx_word' id='word_1_100' title='bbox 615 1524 874 1600; x_wconf 88' lang='lat' dir='ltr'>comprehendens</span> <span class='ocrx_word' id='word_1_101' title='bbox 898 1523 1077 1586; x_wconf 89' lang='lat' dir='ltr'>clericorum</span> <span class='ocrx_word' id='word_1_102' title='bbox 1106 1543 1213 1600; x_wconf 71' lang='lat' dir='ltr'>¹calmas</span> 
     </span>
     <span class='ocr_line' id='line_1_15' title="bbox 187 1611 1211 1689; baseline 0 -15"><span class='ocrx_word' id='word_1_103' title='bbox 187 1621 249 1674; x_wconf 86' lang='lat' dir='ltr'>tam</span> <span class='ocrx_word' id='word_1_104' title='bbox 268 1614 445 1686; x_wconf 81' lang='lat' dir='ltr'>criminales,</span> <span class='ocrx_word' id='word_1_105' title='bbox 462 1629 553 1689; x_wconf 87' lang='lat' dir='ltr'>qnam</span> <span class='ocrx_word' id='word_1_106' title='bbox 576 1611 687 1686; x_wconf 89' lang='lat' dir='ltr'>civiles,</span> <span class='ocrx_word' id='word_1_107' title='bbox 710 1617 771 1672; x_wconf 82' lang='lat' dir='ltr'>tant</span> <span class='ocrx_word' id='word_1_108' title='bbox 792 1613 976 1688; x_wconf 86' lang='lat' dir='ltr'>personales,</span> <span class='ocrx_word' id='word_1_109' title='bbox 999 1630 1089 1689; x_wconf 92' lang='lat' dir='ltr'>quam</span> <span class='ocrx_word' id='word_1_110' title='bbox 1105 1616 1211 1685; x_wconf 87' lang='lat' dir='ltr'>reales,</span> 
     </span>
     <span class='ocr_line' id='line_1_16' title="bbox 188 1700 1214 1778; baseline -0.003 -14"><span class='ocrx_word' id='word_1_111' title='bbox 188 1710 250 1764; x_wconf 85' lang='lat' dir='ltr'>tum</span> <span class='ocrx_word' id='word_1_112' title='bbox 261 1703 291 1762; x_wconf 93' lang='lat' dir='ltr'>in</span> <span class='ocrx_word' id='word_1_113' title='bbox 303 1702 420 1762; x_wconf 85' lang='lat' dir='ltr'>actione</span> <span class='ocrx_word' id='word_1_114' title='bbox 433 1700 634 1777; x_wconf 90' lang='lat' dir='ltr'>proprietatis,</span> <span class='ocrx_word' id='word_1_115' title='bbox 651 1717 740 1776; x_wconf 87' lang='lat' dir='ltr'>quarn</span> <span class='ocrx_word' id='word_1_116' title='bbox 757 1700 919 1762; x_wconf 78' lang='lat' dir='ltr'>iunctione</span> <span class='ocrx_word' id='word_1_117' title='bbox 934 1702 1154 1778; x_wconf 85' lang='lat' dir='ltr'>possessionis:</span> <span class='ocrx_word' id='word_1_118' title='bbox 1170 1709 1214 1763; x_wconf 89' lang='lat' dir='ltr'>est</span> 
     </span>
     <span class='ocr_line' id='line_1_17' title="bbox 188 1789 1214 1868; baseline -0.004 -14"><span class='ocrx_word' id='word_1_119' title='bbox 188 1791 321 1854; x_wconf 88' lang='lat' dir='ltr'>similiter</span> <span class='ocrx_word' id='word_1_120' title='bbox 334 1791 522 1864; x_wconf 84' lang='lat' dir='ltr'>absolutum3</span> <span class='ocrx_word' id='word_1_121' title='bbox 549 1806 620 1850; x_wconf 87' lang='lat' dir='ltr'>nam</span> <span class='ocrx_word' id='word_1_122' title='bbox 634 1789 762 1850; x_wconf 88' lang='lat' dir='ltr'>clericus</span> <span class='ocrx_word' id='word_1_123' title='bbox 782 1806 880 1866; x_wconf 85' lang='lat' dir='ltr'>neque</span> <span class='ocrx_word' id='word_1_124' title='bbox 894 1791 1091 1866; x_wconf 82' lang='lat' dir='ltr'>jurejurando</span> <span class='ocrx_word' id='word_1_125' title='bbox 1115 1798 1214 1868; x_wconf 88' lang='lat' dir='ltr'>potest</span> 
     </span>
     <span class='ocr_line' id='line_1_18' title="bbox 189 1877 1214 1954; baseline 0 -14"><span class='ocrx_word' id='word_1_126' title='bbox 189 1879 286 1940; x_wconf 90' lang='lat' dir='ltr'>eidem</span> <span class='ocrx_word' id='word_1_127' title='bbox 312 1877 515 1952; x_wconf 88' lang='lat' dir='ltr'>renunciare,</span> <span class='ocrx_word' id='word_1_128' title='bbox 539 1877 692 1954; x_wconf 85' lang='lat' dir='ltr'>quianon</span> <span class='ocrx_word' id='word_1_129' title='bbox 718 1877 774 1938; x_wconf 84' lang='lat' dir='ltr'>fuit</span> <span class='ocrx_word' id='word_1_130' title='bbox 799 1878 1004 1940; x_wconf 91' lang='lat' dir='ltr'>introductum</span> <span class='ocrx_word' id='word_1_131' title='bbox 1022 1880 1051 1938; x_wconf 92' lang='lat' dir='ltr'>in</span> <span class='ocrx_word' id='word_1_132' title='bbox 1080 1881 1214 1941; x_wconf 84' lang='lat' dir='ltr'>favorem</span> 
     </span>
     <span class='ocr_line' id='line_1_19' title="bbox 187 1967 1213 2046; baseline 0 -18"><span class='ocrx_word' id='word_1_133' title='bbox 187 1968 371 2046; x_wconf 85' lang='lat' dir='ltr'>privatarum</span> <span class='ocrx_word' id='word_1_134' title='bbox 384 1983 596 2044; x_wconf 88' lang='lat' dir='ltr'>personarum,</span> <span class='ocrx_word' id='word_1_135' title='bbox 610 1967 664 2026; x_wconf 88' lang='lat' dir='ltr'>sed</span> <span class='ocrx_word' id='word_1_136' title='bbox 677 1967 716 2027; x_wconf 85' lang='lat' dir='ltr'>ad</span> <span class='ocrx_word' id='word_1_137' title='bbox 729 1967 842 2028; x_wconf 89' lang='lat' dir='ltr'>bonum</span> <span class='ocrx_word' id='word_1_138' title='bbox 854 1967 1018 2044; x_wconf 86' lang='lat' dir='ltr'>publicum,</span> <span class='ocrx_word' id='word_1_139' title='bbox 1034 1968 1109 2029; x_wconf 92' lang='lat' dir='ltr'>etin</span> <span class='ocrx_word' id='word_1_140' title='bbox 1130 1970 1213 2030; x_wconf 84' lang='lat' dir='ltr'>faro-</span> 
     </span>
     <span class='ocr_line' id='line_1_20' title="bbox 188 2055 1213 2133; baseline 0.001 -17"><span class='ocrx_word' id='word_1_141' title='bbox 188 2072 254 2117; x_wconf 88' lang='lat' dir='ltr'>rem</span> <span class='ocrx_word' id='word_1_142' title='bbox 278 2055 370 2116; x_wconf 90' lang='lat' dir='ltr'>totius</span> <span class='ocrx_word' id='word_1_143' title='bbox 394 2055 587 2117; x_wconf 85' lang='lat' dir='ltr'>ecclesiastici</span> <span class='ocrx_word' id='word_1_144' title='bbox 608 2055 732 2116; x_wconf 87' lang='lat' dir='ltr'>ordinis.</span> <span class='ocrx_word' id='word_1_145' title='bbox 756 2061 826 2118; x_wconf 85' lang='lat' dir='ltr'>llaec</span> <span class='ocrx_word' id='word_1_146' title='bbox 844 2057 965 2133; x_wconf 88' lang='lat' dir='ltr'>quidem</span> <span class='ocrx_word' id='word_1_147' title='bbox 986 2057 1085 2133; x_wconf 74' lang='lat' dir='ltr'>iurata</span> <span class='ocrx_word' id='word_1_148' title='bbox 1102 2075 1213 2118; x_wconf 87' lang='lat' dir='ltr'>renun-</span> 
     </span>
     <span class='ocr_line' id='line_1_21' title="bbox 189 2143 1212 2222; baseline 0.001 -16"><span class='ocrx_word' id='word_1_149' title='bbox 189 2143 276 2206; x_wconf 89' lang='lat' dir='ltr'>ciatio</span> <span class='ocrx_word' id='word_1_150' title='bbox 288 2145 367 2205; x_wconf 83' lang='lat' dir='ltr'>foret</span> <span class='ocrx_word' id='word_1_151' title='bbox 378 2144 444 2222; x_wconf 91' lang='lat' dir='ltr'>ipso</span> <span class='ocrx_word' id='word_1_152' title='bbox 455 2145 524 2221; x_wconf 80' lang='lat' dir='ltr'>jure</span> <span class='ocrx_word' id='word_1_153' title='bbox 537 2145 628 2218; x_wconf 87' lang='lat' dir='ltr'>nulla,</span> <span class='ocrx_word' id='word_1_154' title='bbox 644 2161 715 2206; x_wconf 84' lang='lat' dir='ltr'>cunr</span> <span class='ocrx_word' id='word_1_155' title='bbox 727 2162 767 2206; x_wconf 83' lang='lat' dir='ltr'>ex</span> <span class='ocrx_word' id='word_1_156' title='bbox 778 2145 853 2221; x_wconf 75' lang='lat' dir='ltr'>iuris</span> <span class='ocrx_word' id='word_1_157' title='bbox 865 2145 1012 2222; x_wconf 89' lang='lat' dir='ltr'>principio</span> <span class='ocrx_word' id='word_1_158' title='bbox 1027 2153 1150 2209; x_wconf 89' lang='lat' dir='ltr'>cautum</span> <span class='ocrx_word' id='word_1_159' title='bbox 1167 2148 1212 2222; x_wconf 88' lang='lat' dir='ltr'>sit,</span> 
     </span>
     <span class='ocr_line' id='line_1_22' title="bbox 189 2231 1236 2320; baseline -0.005 -27"><span class='ocrx_word' id='word_1_160' title='bbox 189 2232 375 2310; x_wconf 82' lang='lat' dir='ltr'>privatorum</span> <span class='ocrx_word' id='word_1_161' title='bbox 389 2231 486 2310; x_wconf 87' lang='lat' dir='ltr'>pactis</span> <span class='ocrx_word' id='word_1_162' title='bbox 500 2249 561 2294; x_wconf 93' lang='lat' dir='ltr'>non</span> <span class='ocrx_word' id='word_1_163' title='bbox 575 2249 666 2309; x_wconf 90' lang='lat' dir='ltr'>posse</span> <span class='ocrx_word' id='word_1_164' title='bbox 677 2232 737 2309; x_wconf 87' lang='lat' dir='ltr'>jnri</span> <span class='ocrx_word' id='word_1_165' title='bbox 752 2233 872 2310; x_wconf 85' lang='lat' dir='ltr'>publico</span> <span class='ocrx_word' id='word_1_166' title='bbox 884 2235 1046 2312; x_wconf 83' lang='lat' dir='ltr'>derogari(</span> <span class='ocrx_word' id='word_1_167' title='bbox 1066 2239 1088 2306; x_wconf 86' lang='lat'>).</span> <span class='ocrx_word' id='word_1_168' title='bbox 1168 2316 1171 2320; x_wconf 21' lang='grc' dir='ltr'>Ι</span> <span class='ocrx_word' id='word_1_169' title='bbox 1235 2281 1236 2288; x_wconf 74' lang='grc'><strong>,</strong></span> 
     </span>
    </p>
   </div>
   <div class='ocr_carea' id='block_1_5' title="bbox 127 2370 1235 3653">
    <p class='ocr_par' dir='ltr' id='par_1_5' title="bbox 189 2370 1235 3438">
     <span class='ocr_line' id='line_1_23' title="bbox 222 2370 1215 2440; baseline 0 -14"><span class='ocrx_word' id='word_1_170' title='bbox 222 2373 259 2439; x_wconf 84' lang='grc'>(1)</span> <span class='ocrx_word' id='word_1_171' title='bbox 273 2373 447 2438; x_wconf 81' lang='lat' dir='ltr'>Praeoipunm</span> <span class='ocrx_word' id='word_1_172' title='bbox 467 2370 519 2424; x_wconf 89' lang='lat' dir='ltr'>hoc</span> <span class='ocrx_word' id='word_1_173' title='bbox 538 2371 731 2429; x_wconf 73' lang='lat' dir='ltr'>ecclesiasticae</span> <span class='ocrx_word' id='word_1_174' title='bbox 748 2371 926 2424; x_wconf 85' lang='lat' dir='ltr'>immunitatis</span> <span class='ocrx_word' id='word_1_175' title='bbox 946 2375 1026 2440; x_wconf 88' lang='lat' dir='ltr'>caput</span> <span class='ocrx_word' id='word_1_176' title='bbox 1048 2374 1215 2426; x_wconf 83' lang='lat' dir='ltr'>confirmavit</span> 
     </span>
     <span class='ocr_line' id='line_1_24' title="bbox 189 2441 1214 2509; baseline -0.001 -10"><span class='ocrx_word' id='word_1_177' title='bbox 189 2441 464 2509; x_wconf 82' lang='lat' dir='ltr'>Tridentinum.quod</span> <span class='ocrx_word' id='word_1_178' title='bbox 474 2446 617 2508; x_wconf 83' lang='lat' dir='ltr'>postquam</span> <span class='ocrx_word' id='word_1_179' title='bbox 626 2443 782 2504; x_wconf 78' lang='lat' dir='ltr'>declaravit,</span> <span class='ocrx_word' id='word_1_180' title='bbox 792 2455 968 2508; x_wconf 79' lang='lat' dir='ltr'>personarum</span> <span class='ocrx_word' id='word_1_181' title='bbox 977 2444 1214 2500; x_wconf 70' lang='lat' dir='ltr'>eontanasttearuna</span> 
     </span>
     <span class='ocr_line' id='line_1_25' title="bbox 190 2512 1235 2575; baseline -0.003 -4"><span class='ocrx_word' id='word_1_182' title='bbox 190 2517 395 2572; x_wconf 83' lang='lat' dir='ltr'>immunitatem</span> <span class='ocrx_word' id='word_1_183' title='bbox 408 2513 458 2566; x_wconf 80' lang='lat' dir='ltr'>Ilei</span> <span class='ocrx_word' id='word_1_184' title='bbox 471 2513 652 2573; x_wconf 85' lang='lat' dir='ltr'>ordinatione,</span> <span class='ocrx_word' id='word_1_185' title='bbox 669 2517 694 2568; x_wconf 79' lang='lat' dir='ltr'>at</span> <span class='ocrx_word' id='word_1_186' title='bbox 706 2512 842 2567; x_wconf 83' lang='lat' dir='ltr'>canonicis</span> <span class='ocrx_word' id='word_1_187' title='bbox 854 2514 1036 2568; x_wconf 80' lang='lat' dir='ltr'>sanctionibus</span> <span class='ocrx_word' id='word_1_188' title='bbox 1048 2515 1213 2575; x_wconf 85' lang='lat' dir='ltr'>institutam.</span> <span class='ocrx_word' id='word_1_189' title='bbox 1234 2553 1235 2556; x_wconf 63' lang='lat'>,</span> 
     </span>
     <span class='ocr_line' id='line_1_26' title="bbox 191 2585 1214 2652; baseline -0.002 -9"><span class='ocrx_word' id='word_1_190' title='bbox 191 2588 319 2650; x_wconf 76' lang='lat' dir='ltr'>decernit,</span> <span class='ocrx_word' id='word_1_191' title='bbox 330 2591 355 2640; x_wconf 81' lang='lat' dir='ltr'>st</span> <span class='ocrx_word' id='word_1_192' title='bbox 370 2585 599 2651; x_wconf 67' lang='grc'><strong>61661611666166</strong></span> <span class='ocrx_word' id='word_1_193' title='bbox 610 2599 734 2648; x_wconf 82' lang='lat' dir='ltr'>canones,</span> <span class='ocrx_word' id='word_1_194' title='bbox 746 2589 771 2638; x_wconf 88' lang='lat' dir='ltr'>et</span> <span class='ocrx_word' id='word_1_195' title='bbox 781 2585 896 2638; x_wconf 83' lang='lat' dir='ltr'>coneilio</span> <span class='ocrx_word' id='word_1_196' title='bbox 903 2587 1042 2650; x_wconf 75' lang='lat' dir='ltr'>pensantia</span> <span class='ocrx_word' id='word_1_197' title='bbox 1052 2588 1155 2652; x_wconf 76' lang='lat' dir='ltr'>onznia,</span> <span class='ocrx_word' id='word_1_198' title='bbox 1168 2601 1214 2641; x_wconf 81' lang='lat' dir='ltr'>nee</span> 
     </span>
     <span class='ocr_line' id='line_1_27' title="bbox 190 2656 1212 2722; baseline -0.001 -9"><span class='ocrx_word' id='word_1_199' title='bbox 190 2673 245 2714; x_wconf 87' lang='lat' dir='ltr'>non</span> <span class='ocrx_word' id='word_1_200' title='bbox 259 2660 329 2712; x_wconf 87' lang='lat' dir='ltr'>uitas</span> <span class='ocrx_word' id='word_1_201' title='bbox 345 2657 507 2721; x_wconf 82' lang='lat' dir='ltr'>Apostolicas</span> <span class='ocrx_word' id='word_1_202' title='bbox 519 2657 671 2710; x_wconf 80' lang='lat' dir='ltr'>sanctiones</span> <span class='ocrx_word' id='word_1_203' title='bbox 683 2656 715 2709; x_wconf 85' lang='lat' dir='ltr'>in</span> <span class='ocrx_word' id='word_1_204' title='bbox 728 2656 851 2722; x_wconf 77' lang='lat' dir='ltr'>fauorem</span> <span class='ocrx_word' id='word_1_205' title='bbox 863 2670 1042 2722; x_wconf 84' lang='lat' dir='ltr'>personarum</span> <span class='ocrx_word' id='word_1_206' title='bbox 1056 2659 1212 2712; x_wconf 86' lang='lat' dir='ltr'>aeclesiasti-</span> 
     </span>
     <span class='ocr_line' id='line_1_28' title="bbox 191 2727 1214 2797; baseline -0.002 -12"><span class='ocrx_word' id='word_1_207' title='bbox 191 2744 295 2793; x_wconf 80' lang='lat' dir='ltr'>corum,</span> <span class='ocrx_word' id='word_1_208' title='bbox 310 2729 443 2782; x_wconf 82' lang='lat' dir='ltr'>libertatis</span> <span class='ocrx_word' id='word_1_209' title='bbox 462 2727 651 2789; x_wconf 78' lang='lat' dir='ltr'>ecclesiastica,</span> <span class='ocrx_word' id='word_1_210' title='bbox 665 2729 691 2780; x_wconf 87' lang='lat' dir='ltr'>et</span> <span class='ocrx_word' id='word_1_211' title='bbox 706 2730 801 2780; x_wconf 85' lang='lat' dir='ltr'>contra</span> <span class='ocrx_word' id='word_1_212' title='bbox 818 2729 876 2794; x_wconf 82' lang='lat' dir='ltr'>ejus</span> <span class='ocrx_word' id='word_1_213' title='bbox 889 2727 1032 2782; x_wconf 81' lang='lat' dir='ltr'>oiotatores</span> <span class='ocrx_word' id='word_1_214' title='bbox 1047 2729 1143 2793; x_wconf 81' lang='lat' dir='ltr'>editus,</span> <span class='ocrx_word' id='word_1_215' title='bbox 1160 2744 1214 2797; x_wconf 79' lang='lat' dir='ltr'>que</span> 
     </span>
     <span class='ocr_line' id='line_1_29' title="bbox 191 2797 1234 2865; baseline -0.001 -10"><span class='ocrx_word' id='word_1_216' title='bbox 191 2801 284 2855; x_wconf 85' lang='lat' dir='ltr'>omnia</span> <span class='ocrx_word' id='word_1_217' title='bbox 293 2798 418 2865; x_wconf 76' lang='lat' dir='ltr'>prasenti·</span> <span class='ocrx_word' id='word_1_218' title='bbox 432 2799 536 2852; x_wconf 84' lang='lat' dir='ltr'>decreto</span> <span class='ocrx_word' id='word_1_219' title='bbox 549 2797 671 2862; x_wconf 83' lang='lat' dir='ltr'>innovat,</span> <span class='ocrx_word' id='word_1_220' title='bbox 687 2801 779 2851; x_wconf 79' lang='lat' dir='ltr'>cauata</span> <span class='ocrx_word' id='word_1_221' title='bbox 792 2798 824 2850; x_wconf 83' lang='lat' dir='ltr'>ab</span> <span class='ocrx_word' id='word_1_222' title='bbox 838 2799 1105 2853; x_wconf 81' lang='lat' dir='ltr'>omnibusobsernari</span> <span class='ocrx_word' id='word_1_223' title='bbox 1113 2801 1212 2854; x_wconf 83' lang='lat' dir='ltr'>debera.</span> <span class='ocrx_word' id='word_1_224' title='bbox 1233 2823 1234 2830; x_wconf 45' lang='lat'>¹</span> 
     </span>
     <span class='ocr_line' id='line_1_30' title="bbox 191 2869 1212 2938; baseline -0.002 -12"><span class='ocrx_word' id='word_1_225' title='bbox 191 2873 264 2926; x_wconf 85' lang='lat' dir='ltr'>Soas.</span> <span class='ocrx_word' id='word_1_226' title='bbox 279 2873 320 2935; x_wconf 78' lang='lat'>25,</span> <span class='ocrx_word' id='word_1_227' title='bbox 334 2885 358 2922; x_wconf 86' lang='grc'>6.</span> <span class='ocrx_word' id='word_1_228' title='bbox 367 2869 408 2930; x_wconf 78' lang='lat' dir='ltr'>to,</span> <span class='ocrx_word' id='word_1_229' title='bbox 417 2871 451 2922; x_wconf 89' lang='lat' dir='ltr'>da</span> <span class='ocrx_word' id='word_1_230' title='bbox 470 2870 518 2922; x_wconf 85' lang='lat' dir='ltr'>rer.</span> <span class='ocrx_word' id='word_1_231' title='bbox 534 2870 656 2935; x_wconf 82' lang='lat' dir='ltr'>Longum</span> <span class='ocrx_word' id='word_1_232' title='bbox 670 2873 743 2938; x_wconf 68' lang='lat' dir='ltr'>esset</span> <span class='ocrx_word' id='word_1_233' title='bbox 756 2883 848 2922; x_wconf 87' lang='lat' dir='ltr'>omnes</span> <span class='ocrx_word' id='word_1_234' title='bbox 863 2884 980 2923; x_wconf 88' lang='lat' dir='ltr'>canones</span> <span class='ocrx_word' id='word_1_235' title='bbox 995 2871 1046 2923; x_wconf 90' lang='lat' dir='ltr'>hoc</span> <span class='ocrx_word' id='word_1_236' title='bbox 1060 2873 1117 2924; x_wconf 88' lang='lat' dir='ltr'>loco</span> <span class='ocrx_word' id='word_1_237' title='bbox 1134 2887 1212 2925; x_wconf 90' lang='lat' dir='ltr'>reno·</span> 
     </span>
     <span class='ocr_line' id='line_1_31' title="bbox 191 2941 1212 3008; baseline -0.002 -10"><span class='ocrx_word' id='word_1_238' title='bbox 191 2949 267 2998; x_wconf 83' lang='lat' dir='ltr'>ratos</span> <span class='ocrx_word' id='word_1_239' title='bbox 284 2943 403 2994; x_wconf 81' lang='lat' dir='ltr'>referre:</span> <span class='ocrx_word' id='word_1_240' title='bbox 418 2941 518 2993; x_wconf 86' lang='lat' dir='ltr'>sufficit</span> <span class='ocrx_word' id='word_1_241' title='bbox 530 2941 610 2993; x_wconf 86' lang='lat' dir='ltr'>nohis</span> <span class='ocrx_word' id='word_1_242' title='bbox 623 2941 707 2992; x_wconf 84' lang='lat' dir='ltr'>citare</span> <span class='ocrx_word' id='word_1_243' title='bbox 726 2954 785 2992; x_wconf 88' lang='lat' dir='ltr'>can.</span> <span class='ocrx_word' id='word_1_244' title='bbox 804 2941 829 3004; x_wconf 88' lang='grc'>9,</span> <span class='ocrx_word' id='word_1_245' title='bbox 841 2941 903 2993; x_wconf 89' lang='lat' dir='ltr'>dist.</span> <span class='ocrx_word' id='word_1_246' title='bbox 912 2943 953 3006; x_wconf 85' lang='grc'>96,</span> <span class='ocrx_word' id='word_1_247' title='bbox 967 2956 1027 2995; x_wconf 86' lang='lat' dir='ltr'>ean.</span> <span class='ocrx_word' id='word_1_248' title='bbox 1041 2942 1081 3006; x_wconf 75' lang='grc'>16,</span> <span class='ocrx_word' id='word_1_249' title='bbox 1096 2943 1162 2995; x_wconf 90' lang='lat' dir='ltr'>dist.</span> <span class='ocrx_word' id='word_1_250' title='bbox 1177 2945 1212 3008; x_wconf 88' lang='grc'>86,</span> 
     </span>
     <span class='ocr_line' id='line_1_32' title="bbox 192 3012 1233 3082; baseline -0.002 -14"><span class='ocrx_word' id='word_1_251' title='bbox 192 3029 252 3082; x_wconf 89' lang='lat' dir='ltr'>cap.</span> <span class='ocrx_word' id='word_1_252' title='bbox 274 3014 305 3066; x_wconf 79' lang='lat' dir='ltr'>li</span> <span class='ocrx_word' id='word_1_253' title='bbox 318 3013 352 3065; x_wconf 90' lang='lat' dir='ltr'>de</span> <span class='ocrx_word' id='word_1_254' title='bbox 368 3013 419 3064; x_wconf 81' lang='lat' dir='ltr'>ior.</span> <span class='ocrx_word' id='word_1_255' title='bbox 433 3025 521 3078; x_wconf 88' lang='lat' dir='ltr'>comp.</span> <span class='ocrx_word' id='word_1_256' title='bbox 534 3025 593 3076; x_wconf 85' lang='lat' dir='ltr'>cap.</span> <span class='ocrx_word' id='word_1_257' title='bbox 609 3012 634 3074; x_wconf 83' lang='lat' dir='ltr'>i,</span> <span class='ocrx_word' id='word_1_258' title='bbox 644 3012 678 3063; x_wconf 90' lang='lat' dir='ltr'>de</span> <span class='ocrx_word' id='word_1_259' title='bbox 692 3025 764 3063; x_wconf 86' lang='lat' dir='ltr'>cens.</span> <span class='ocrx_word' id='word_1_260' title='bbox 779 3012 808 3062; x_wconf 91' lang='lat' dir='ltr'>in</span> <span class='ocrx_word' id='word_1_261' title='bbox 821 3013 845 3073; x_wconf 84' lang='lat'>6,</span> <span class='ocrx_word' id='word_1_262' title='bbox 860 3026 921 3078; x_wconf 85' lang='lat' dir='ltr'>cap.</span> <span class='ocrx_word' id='word_1_263' title='bbox 940 3015 949 3065; x_wconf 94' lang='grc'>1</span> <span class='ocrx_word' id='word_1_264' title='bbox 963 3019 990 3066; x_wconf 86' lang='grc'>61</span> <span class='ocrx_word' id='word_1_265' title='bbox 1003 3027 1080 3080; x_wconf 85' lang='lat' dir='ltr'>seqq.</span> <span class='ocrx_word' id='word_1_266' title='bbox 1091 3013 1125 3066; x_wconf 87' lang='lat' dir='ltr'>de</span> <span class='ocrx_word' id='word_1_267' title='bbox 1139 3016 1211 3066; x_wconf 89' lang='lat' dir='ltr'>imm.</span> <span class='ocrx_word' id='word_1_268' title='bbox 1232 3029 1233 3040; x_wconf 58' lang='lat'>¹</span> 
     </span>
     <span class='ocr_line' id='line_1_33' title="bbox 191 3069 1233 3151; baseline -0.003 -10"><span class='ocrx_word' id='word_1_269' title='bbox 191 3087 264 3141; x_wconf 85' lang='lat' dir='ltr'>Eccl.</span> <span class='ocrx_word' id='word_1_270' title='bbox 279 3089 306 3138; x_wconf 89' lang='lat' dir='ltr'>et</span> <span class='ocrx_word' id='word_1_271' title='bbox 314 3098 389 3136; x_wconf 87' lang='lat' dir='ltr'>oenc.</span> <span class='ocrx_word' id='word_1_272' title='bbox 400 3097 492 3149; x_wconf 81' lang='lat' dir='ltr'>gener.</span> <span class='ocrx_word' id='word_1_273' title='bbox 502 3085 682 3136; x_wconf 84' lang='lat' dir='ltr'>Lateranense</span> <span class='ocrx_word' id='word_1_274' title='bbox 694 3083 1213 3151; x_wconf 59' lang='grc'><strong>56666.9,66166616616611666616666</strong></span> <span class='ocrx_word' id='word_1_275' title='bbox 1232 3069 1233 3111; x_wconf 56' lang='lat'>¹</span> 
     </span>
     <span class='ocr_line' id='line_1_34' title="bbox 190 3153 1213 3221; baseline -0.001 -10"><span class='ocrx_word' id='word_1_276' title='bbox 190 3172 246 3212; x_wconf 90' lang='lat' dir='ltr'>non</span> <span class='ocrx_word' id='word_1_277' title='bbox 262 3157 350 3210; x_wconf 90' lang='lat' dir='ltr'>solum</span> <span class='ocrx_word' id='word_1_278' title='bbox 360 3157 422 3220; x_wconf 87' lang='lat' dir='ltr'>jura</span> <span class='ocrx_word' id='word_1_279' title='bbox 443 3153 570 3218; x_wconf 88' lang='lat' dir='ltr'>humano,</span> <span class='ocrx_word' id='word_1_280' title='bbox 585 3153 633 3206; x_wconf 89' lang='lat' dir='ltr'>sed</span> <span class='ocrx_word' id='word_1_281' title='bbox 655 3157 682 3205; x_wconf 91' lang='grc'>61</span> <span class='ocrx_word' id='word_1_282' title='bbox 701 3153 792 3205; x_wconf 89' lang='lat' dir='ltr'>divino</span> <span class='ocrx_word' id='word_1_283' title='bbox 811 3167 827 3205; x_wconf 90' lang='lat' dir='ltr'>a</span> <span class='ocrx_word' id='word_1_284' title='bbox 846 3155 1017 3206; x_wconf 72' lang='lat' dir='ltr'>secularium</span> <span class='ocrx_word' id='word_1_285' title='bbox 1037 3170 1213 3221; x_wconf 86' lang='lat' dir='ltr'>personarum</span> 
     </span>
     <span class='ocr_line' id='line_1_35' title="bbox 191 3224 1212 3282; baseline -0.002 0"><span class='ocrx_word' id='word_1_286' title='bbox 191 3227 377 3282; x_wconf 82' lang='lat' dir='ltr'>exactionibus</span> <span class='ocrx_word' id='word_1_287' title='bbox 392 3225 564 3277; x_wconf 87' lang='lat' dir='ltr'>declarantur</span> <span class='ocrx_word' id='word_1_288' title='bbox 577 3225 720 3277; x_wconf 89' lang='lat' dir='ltr'>immunes.</span> <span class='ocrx_word' id='word_1_289' title='bbox 734 3224 801 3276; x_wconf 75' lang='lat' dir='ltr'>,Iure</span> <span class='ocrx_word' id='word_1_290' title='bbox 813 3238 845 3276; x_wconf 91' lang='lat' dir='ltr'>ac</span> <span class='ocrx_word' id='word_1_291' title='bbox 856 3227 951 3278; x_wconf 87' lang='lat' dir='ltr'>merito</span> <span class='ocrx_word' id='word_1_292' title='bbox 966 3227 1004 3277; x_wconf 87' lang='lat' dir='ltr'>ita</span> <span class='ocrx_word' id='word_1_293' title='bbox 1017 3229 1088 3279; x_wconf 87' lang='lat' dir='ltr'>sacri</span> <span class='ocrx_word' id='word_1_294' title='bbox 1098 3241 1212 3281; x_wconf 84' lang='lat' dir='ltr'>canones</span> 
     </span>
     <span class='ocr_line' id='line_1_36' title="bbox 192 3295 1232 3363; baseline 0 -11"><span class='ocrx_word' id='word_1_295' title='bbox 192 3301 357 3352; x_wconf 82' lang='lat' dir='ltr'>sanxerunt:</span> <span class='ocrx_word' id='word_1_296' title='bbox 374 3309 438 3348; x_wconf 86' lang='lat' dir='ltr'>nam</span> <span class='ocrx_word' id='word_1_297' title='bbox 453 3295 544 3348; x_wconf 88' lang='lat' dir='ltr'>clerici</span> <span class='ocrx_word' id='word_1_298' title='bbox 561 3307 684 3362; x_wconf 87' lang='lat' dir='ltr'>personae</span> <span class='ocrx_word' id='word_1_299' title='bbox 698 3299 761 3346; x_wconf 88' lang='lat' dir='ltr'>sunt</span> <span class='ocrx_word' id='word_1_300' title='bbox 776 3296 831 3348; x_wconf 90' lang='lat' dir='ltr'>Deo</span> <span class='ocrx_word' id='word_1_301' title='bbox 851 3310 946 3360; x_wconf 83' lang='lat' dir='ltr'>saorae,</span> <span class='ocrx_word' id='word_1_302' title='bbox 969 3300 996 3348; x_wconf 91' lang='lat' dir='ltr'>et</span> <span class='ocrx_word' id='word_1_303' title='bbox 1014 3299 1100 3363; x_wconf 83' lang='lat' dir='ltr'>magis</span> <span class='ocrx_word' id='word_1_304' title='bbox 1116 3299 1212 3362; x_wconf 84' lang='lat' dir='ltr'>adhuc,</span> <span class='ocrx_word' id='word_1_305' title='bbox 1231 3315 1232 3318; x_wconf 45' lang='lat'>¹</span> 
     </span>
     <span class='ocr_line' id='line_1_37' title="bbox 192 3365 1212 3438; baseline 0.001 -17"><span class='ocrx_word' id='word_1_306' title='bbox 192 3384 276 3436; x_wconf 89' lang='lat' dir='ltr'>qnam</span> <span class='ocrx_word' id='word_1_307' title='bbox 291 3371 351 3436; x_wconf 87' lang='lat' dir='ltr'>ipsa</span> <span class='ocrx_word' id='word_1_308' title='bbox 363 3367 471 3434; x_wconf 86' lang='lat' dir='ltr'>templa,</span> <span class='ocrx_word' id='word_1_309' title='bbox 488 3369 516 3418; x_wconf 88' lang='grc'><strong>61</strong></span> <span class='ocrx_word' id='word_1_310' title='bbox 529 3366 635 3426; x_wconf 88' lang='lat' dir='ltr'>altaria,</span> <span class='ocrx_word' id='word_1_311' title='bbox 650 3365 714 3432; x_wconf 89' lang='lat' dir='ltr'>quia</span> <span class='ocrx_word' id='word_1_312' title='bbox 727 3366 830 3433; x_wconf 87' lang='lat' dir='ltr'>templa</span> <span class='ocrx_word' id='word_1_313' title='bbox 846 3370 872 3420; x_wconf 91' lang='grc'>61</span> <span class='ocrx_word' id='word_1_314' title='bbox 885 3368 982 3419; x_wconf 84' lang='lat' dir='ltr'>altaria</span> <span class='ocrx_word' id='word_1_315' title='bbox 994 3369 1056 3420; x_wconf 81' lang='lat' dir='ltr'>viva</span> <span class='ocrx_word' id='word_1_316' title='bbox 1069 3373 1151 3430; x_wconf 84' lang='lat' dir='ltr'>snnt;</span> <span class='ocrx_word' id='word_1_317' title='bbox 1167 3386 1212 3438; x_wconf 83' lang='lat' dir='ltr'>pa·</span> 
     </span>
    </p>

    <p class='ocr_par' dir='ltr' id='par_1_6' title="bbox 127 3437 1231 3653">
     <span class='ocr_line' id='line_1_38' title="bbox 127 3437 1214 3506; baseline 0.003 -15"><span class='ocrx_word' id='word_1_318' title='bbox 127 3475 130 3484; x_wconf 78' lang='lat'>,</span> <span class='ocrx_word' id='word_1_319' title='bbox 192 3443 249 3492; x_wconf 89' lang='lat' dir='ltr'>tres</span> <span class='ocrx_word' id='word_1_320' title='bbox 268 3453 386 3506; x_wconf 83' lang='lat' dir='ltr'>qnoque,</span> <span class='ocrx_word' id='word_1_321' title='bbox 403 3443 430 3492; x_wconf 91' lang='lat' dir='ltr'>et</span> <span class='ocrx_word' id='word_1_322' title='bbox 449 3437 573 3503; x_wconf 81' lang='lat' dir='ltr'>magistri</span> <span class='ocrx_word' id='word_1_323' title='bbox 589 3438 709 3489; x_wconf 90' lang='lat' dir='ltr'>omnium</span> <span class='ocrx_word' id='word_1_324' title='bbox 730 3437 849 3490; x_wconf 86' lang='lat' dir='ltr'>fidelium</span> <span class='ocrx_word' id='word_1_325' title='bbox 865 3443 1013 3491; x_wconf 82' lang='lat' dir='ltr'>vocantur:</span> <span class='ocrx_word' id='word_1_326' title='bbox 1026 3453 1111 3505; x_wconf 86' lang='lat' dir='ltr'>quara</span> <span class='ocrx_word' id='word_1_327' title='bbox 1126 3455 1214 3496; x_wconf 83' lang='lat' dir='ltr'>nonne</span> 
     </span>
     <span class='ocr_line' id='line_1_39' title="bbox 191 3509 1231 3578; baseline 0.004 -14"><span class='ocrx_word' id='word_1_328' title='bbox 191 3510 352 3566; x_wconf 69' lang='grc'><strong>1666611116</strong></span> <span class='ocrx_word' id='word_1_329' title='bbox 365 3509 478 3564; x_wconf 77' lang='lat' dir='ltr'>troanie</span> <span class='ocrx_word' id='word_1_330' title='bbox 490 3521 543 3572; x_wconf 78' lang='lat' dir='ltr'>esse</span> <span class='ocrx_word' id='word_1_331' title='bbox 556 3509 732 3574; x_wconf 62' lang='lat' dir='ltr'>reparatur,</span> <span class='ocrx_word' id='word_1_332' title='bbox 751 3509 776 3562; x_wconf 84' lang='lat' dir='ltr'>si</span> <span class='ocrx_word' id='word_1_333' title='bbox 786 3509 859 3576; x_wconf 69' lang='lat' dir='ltr'>fitius</span> <span class='ocrx_word' id='word_1_334' title='bbox 871 3513 987 3578; x_wconf 88' lang='lat' dir='ltr'>patrem,</span> <span class='ocrx_word' id='word_1_335' title='bbox 999 3509 1147 3578; x_wconf 65' lang='lat' dir='ltr'>dompmea</span> <span class='ocrx_word' id='word_1_336' title='bbox 1158 3525 1214 3568; x_wconf 73' lang='lat' dir='ltr'>ena</span> <span class='ocrx_word' id='word_1_337' title='bbox 1230 3551 1231 3570; x_wconf 81' lang='lat'>,</span> 
     </span>
     <span class='ocr_line' id='line_1_40' title="bbox 192 3571 1231 3653; baseline 0.005 -17"><span class='ocrx_word' id='word_1_338' title='bbox 192 3583 309 3649; x_wconf 76' lang='lat' dir='ltr'>pisinum</span> <span class='ocrx_word' id='word_1_339' title='bbox 327 3582 378 3637; x_wconf 81' lang='lat' dir='ltr'>siti</span> <span class='ocrx_word' id='word_1_340' title='bbox 397 3579 828 3648; x_wconf 66' lang='grc'><strong>666661661169616,61161666</strong></span> <span class='ocrx_word' id='word_1_341' title='bbox 849 3580 1054 3647; x_wconf 77' lang='lat' dir='ltr'>otttaaiiontnn</span> <span class='ocrx_word' id='word_1_342' title='bbox 1073 3583 1155 3640; x_wconf 81' lang='lat' dir='ltr'>ittam</span> <span class='ocrx_word' id='word_1_343' title='bbox 1167 3598 1213 3640; x_wconf 79' lang='lat' dir='ltr'>sue</span> <span class='ocrx_word' id='word_1_344' title='bbox 1230 3571 1231 3653; x_wconf 67' lang='grc'>1</span> 
     </span>
    </p>
   </div>
   <div class='ocr_carea' id='block_1_6' title="bbox 0 0 1256 4088">
    <p class='ocr_par' dir='ltr' id='par_1_7' title="bbox 0 0 1256 4088">
     <span class='ocr_line' id='line_1_41' title="bbox 0 0 1256 4088; baseline 0 0"><span class='ocrx_word' id='word_1_345' title='bbox 0 0 1256 4088; x_wconf 95' lang='lat' dir='ltr'> </span> 
     </span>
    </p>
   </div>
  </div>
 </body>
</html>
