2468 4090
488 215 659 272 ,409-

68 325 149 390 ravit,
162 327 190 378 et
205 325 332 387 decrerit,
346 327 483 394 parochos,
497 329 616 395 aliosque
636 340 726 382 mnncs
744 328 903 384 animumne
925 339 1021 382 euroin
1034 333 1097 384 octu

66 399 188 460 perimes
200 393 409 452 Scu‘osanctum
423 399 507 452 Missa
523 395 695 466 Sacrificium
708 413 757 465 pro
772 399 869 466 populo
883 398 934 452 sibi
956 401 1096 454 commisso

67 467 210 531 munere,
224 472 251 522 ct
264 469 403 536 applicare
423 471 515 523 elabere
529 475 588 524 tum
606 471 728 524 omnibus
741 470 899 538 Dominicis,
913 469 1025 539 aliisquo
1039 472 1095 524 dic·

69 536 127 600 bus,
136 539 184 604 qui
199 553 232 592 ca
245 541 474 605 nanctoacum
487 546 641 605 servantur,
653 545 712 595 tum
724 541 780 594 illis
793 542 885 606 ctiam,
894 542 942 608 qui
955 543 1012 608 ejus
1024 541 1094 610 Apo·

68 608 163 661 stolica
177 603 255 662 Sedis
273 610 442 677 inculpentib
462 626 494 666 cc
505 612 611 666 durum
632 611 665 666 ds
680 615 808 678 precepto
827 612 959 676 festorum
977 627 1095 667 numero

67 678 176 742 sublati,
188 694 221 734 cc
233 681 363 736 transuit
378 687 451 746 sunt,
465 683 692 750 quenadmodum
705 683 758 748 ipsi
777 682 936 736 animorum
953 681 1095 740 aoraton

68 749 204 816 debebam,
214 752 282 804 dum
291 758 443 807 memorato
453 753 554 807 lIrboni
567 753 635 815 VIII,
645 753 805 808 Constitutio
815 755 845 806 in
852 753 933 821 pluto
943 767 991 806 sno
1002 755 1094 810 robore

67 821 170 887 vipcbot
184 830 330 890 antequam
343 826 436 892 festivi
445 827 476 878 tle
485 830 614 892 precepto
625 827 681 880 dics
690 826 928 889 imminuerentur,
942 829 990 879 out
1003 830 1093 882 tronc-

66 892 214 956 sonentur.
221 897 288 948 Haec
297 903 387 948 autem
398 898 557 950 constitutio
565 899 670 952 Urbani
684 898 747 950 VIII
758 898 899 962 incipiens,
909 895 1036 952 Universa
1045 912 1094 964 per

67 961 297 1026 Orbem,declarat
309 968 367 1021 dies
379 970 463 1022 festas
478 974 631 1036 soquentes,
641 969 778 1024 videlicet:
792 981 885 1021 onmes
902 967 961 1020 dies
971 969 1092 1021 Domini·

67 1049 121 1098 cos,
132 1037 256 1090 Natalem
267 1039 383 1104 Domini,
397 1041 455 1093 dies
467 1042 494 1094 S.
506 1041 646 1106 Stephani,
659 1041 686 1092 S.
700 1039 824 1103 loannis,
835 1039 884 1090 SS.
895 1039 1091 1106 Innocentium,

67 1105 292 1170 circumcisionis,
307 1111 476 1177 EpIphaniae,
490 1112 631 1164 Paschatis
641 1125 704 1164 cum
719 1111 826 1164 duobus
840 1109 1025 1176 sequentibus,
1039 1111 1090 1164 hs·

66 1179 207 1239 censionis,
222 1181 397 1234 Pentecostes
411 1197 473 1235 cum
488 1183 595 1234 duobus
608 1183 794 1249 sequentibus,
803 1180 953 1241 Vanitatis,
964 1181 1091 1248 Corporis

67 1248 180 1314 Domtni,
200 1251 366 1304 Inventionis
389 1253 416 1304 S.
433 1254 537 1316 Crucis,
556 1253 763 1312 Purificatmnn,
782 1252 1016 1324 Annuntiationis,
1035 1254 1089 1306 As·

66 1322 231 1386 sumptionis,
248 1324 404 1376 Natiuitatis
415 1325 447 1376 B.
456 1325 549 1377 Mariae
564 1326 607 1384 V.‚
618 1324 801 1376 Dedicationis
814 1323 843 1375 S.
853 1323 1003 1388 Michaelis,
1012 1324 1089 1378 Nati·

68 1390 324 1446 vilcassinensis
346 1396 488 1461 Baptistae,
504 1397 550 1448 SS.
570 1397 646 1448 Petri
667 1398 694 1447 et
710 1395 798 1456 Pauli,
814 1395 841 1446 S.
855 1395 983 1457 Andreae,
998 1395 1026 1446 S.
1039 1395 1087 1448 ia·

69 1464 134 1526 cohi,
146 1466 173 1516 S.
184 1464 304 1530 Thema,
316 1467 362 1518 SS.
374 1467 495 1534 Philippi
509 1471 537 1519 et
547 1467 653 1532 Iacchi,
668 1467 695 1518 S.
707 1467 907 1528 Bartholomaei,
918 1467 946 1518 S.
957 1467 1087 1532 Matthaei,

69 1532 113 1584 SS.
127 1535 241 1588 Simonis
258 1543 285 1588 et
303 1536 391 1597 ludae,
405 1540 433 1590 S.
449 1539 582 1600 Matthiae,
597 1537 625 1590 S.
642 1538 791 1600 Laurentii,
807 1537 834 1588 S.
850 1537 981 1600 Silvestri,
995 1538 1021 1589 S.
1036 1537 1084 1590 bo·

69 1605 139 1669 saph,
154 1607 182 1658 S.
195 1609 294 1673 Annae,
310 1611 432 1662 omnium
447 1611 616 1671 Sanctorum,
637 1614 664 1661 et
681 1609 763 1660 unius
782 1623 815 1661 ex
829 1609 976 1674 praecipuis
991 1609 1085 1661 Patro·

68 1676 106 1726 nis
119 1679 248 1745 cujusque
262 1680 389 1740 civitatis,
403 1686 452 1732 aut
466 1681 535 1742 [θοὴ
551 1681 651 1746 quihus
668 1680 792 1732 Clemens
810 1677 851 1730 Xl
871 1679 995 1744 abjunxit
1014 1679 1086 1732 diem

67 1743 242 1804 inmaculata
252 1751 439 1819 Conceptmnis
450 1752 481 1802 B.
489 1752 583 1802 Mariae
591 1751 623 1804 V.
634 1750 958 1816 consequenterPerocui
972 1750 1016 1805 his
1029 1765 1086 1802 om·

68 1817 141 1871 nibus
150 1821 246 1873 diebus
263 1827 390 1875 tenentur
399 1823 536 1890 applicare
550 1822 662 1873 Missam
673 1835 723 1887 pro
738 1821 846 1888 populo.
860 1821 972 1887 Verum,
983 1821 1006 1872 si
1021 1835 1084 1874 con·

68 1887 154 1955 tingat,
168 1892 286 1960 aliquem
300 1907 333 1945 ex
349 1877 426 1945 iestis
440 1893 538 1945 diebus
549 1893 709 1944 auctoritate
722 1891 882 1958 AposthIoa
894 1905 956 1944 cum
973 1905 1023 1943 sua
1038 1905 1082 1944 so-

68 1957 197 2017 lemnitate
216 1967 244 2015 et
261 1965 347 2016 officio
362 1966 390 2016 in
403 1964 571 2016 Dominicam
592 1963 664 2015 diem
680 1963 832 2024 transferri,
846 1975 901 2014 una
916 1965 1021 2013 tantum
1034 1978 1083 2029 pro

68 2029 109 2082 illo
124 2032 165 2086 die
179 2035 258 2086 erita
269 2035 391 2086 Parocho
406 2036 489 2086 Missa
502 2035 674 2100 applicanda,
684 2036 749 2101 quia
760 2035 797 2085 ita
811 2033 957 2086 declaravit
967 2035 1033 2085 Pius
1042 2033 1083 2086 IX

67 2100 91 2150 in
103 2105 179 2156 citata
192 2106 278 2157 hulla.
292 2107 408 2172 Insuper
423 2107 595 2158 adnotamus:
609 2107 832 2170 l⁰obligationem
845 2104 1001 2158 celebrandi
1016 2105 1081 2157 mis·

67 2184 118 2223 san
138 2191 187 2242 pro
209 2176 309 2242 populo
330 2177 438 2230 afficere
458 2191 514 2236 eos,
531 2178 577 2242 qui
602 2181 663 2229 actu
685 2191 778 2229 curam
801 2176 952 2236 animarum
974 2179 1081 2240 gerunt,

65 2256 154 2311 nempe
166 2248 307 2308 Poroobos,
322 2249 438 2316 aliosque
452 2263 542 2302 omnes
556 2249 715 2302 animorum
728 2261 823 2300 curam
836 2251 900 2301 cau
912 2249 1040 2313 parentes,
1051 2253 1082 2298 ut

65 2313 170 2370 habetur
183 2320 211 2370 in
225 2321 307 2371 citata
321 2321 463 2386 Enoyclioa
476 2321 518 2370 Pii
534 2321 583 2379 IX,
599 2320 642 2371 vel
664 2332 762 2378 omnes,
782 2317 830 2384 qui
846 2321 910 2370 colu
923 2317 1081 2372 animorum

65 2398 151 2442 caron
170 2394 303 2454 ecermnt,
320 2394 352 2442 ut
368 2392 457 2442 aiebat
477 2391 641 2442 Benedictus
663 2391 738 2453 XIV,
753 2391 781 2440 ln
802 2389 860 2442 bul.
880 2387 947 2442 tium
962 2402 1077 2454 sempor.

64 2456 144 2518 Quare
161 2462 286 2527 Capitula
298 2463 426 2514 habentia
442 2475 535 2513 curum
549 2463 701 2512 animarum
723 2461 752 2511 in
770 2461 876 2525 habitu,
895 2474 956 2528 quae
977 2461 1081 2525 eligunt

64 2528 203 2584 Canonicos
218 2534 330 2585 Curetes
343 2533 378 2584 ad
392 2547 485 2584 curam
498 2533 650 2584 animarum
660 2536 722 2584 actu
733 2532 921 2590 exercendem,
931 2538 1077 2597 nequeunt,

62 2597 151 2654 Nissos
164 2605 334 2669 parochiales
357 2604 496 2656 celebrare
520 2617 570 2668 per
593 2606 705 2654 turnum
719 2603 932 2664 flammeorum,
947 2603 995 2654 sed
1010 2603 1079 2654 cele·

62 2669 176 2738 brendae,
196 2681 223 2726 at
243 2675 411 2740 applicandae
426 2679 488 2725 sunt
503 2675 537 2726 ab
561 2674 628 2739 ipsis
648 2674 790 2726 canonicis
804 2674 911 2725 Curatis
923 2678 1037 2725 tantum.
1052 2673 1078 2724 2⁰

62 2740 264 2796 Celebrationem
278 2746 422 2796 Missarum
438 2745 589 2796 faciendam
603 2758 693 2797 essee
709 2745 851 2808 Paroohis,
866 2748 892 2796 et
907 2744 1013 2795 Curatis
1028 2757 1078 2808 per

62 2823 94 2871 se,
105 2828 157 2866 non
170 2830 220 2882 por
234 2816 421 2875 substitutum,
437 2816 489 2866 nisi
506 2816 560 2865 sint
574 2815 691 2880 legitime
703 2815 826 2881 inpediti,
843 2819 874 2866 ut
891 2815 994 2880 pluries
1014 2813 1078 2865 deil-

61 2883 121 2934 nivii
135 2887 161 2937 S.
177 2887 356 2953 CongregetIo
370 2887 490 2938 Consilii.
505 2887 530 2937 3·
543 2886 757 2938 Celebrattonem
769 2887 870 2938 dehere
887 2885 946 2937 fieri
966 2885 992 2934 ln
1019 2885 1078 2948 ipsa

61 2958 178 3017 parochia
193 2973 209 3008 e
223 2959 330 3018 Curato,
345 2960 388 3010 vel
404 2960 439 3009 eh
457 2961 516 3024 ejus
530 2958 686 3020 substituto,
703 2957 727 3008 si
741 2957 777 3008 sit
787 2959 861 3022 juste
876 2954 1031 3021 impeditus,
1046 2960 1077 3006 ut

61 3027 154 3087 pluries
165 3029 322 3082 delinivitS.
337 3027 513 3094 congregatio
524 3027 646 3081 Consilii,
655 3027 777 3080 Ferraris
786 3032 813 3079 et
823 3028 953 3079 Barbosa.
961 3027 987 3077 l·
996 3025 1074 3078 Cele-

59 3094 201 3152 brationem
212 3115 274 3152 esse
287 3101 438 3152 faciendam
453 3100 618 3164 solemniter,
636 3100 680 3152 vel
700 3099 826 3164 privatim
850 3099 908 3164 lpse
933 3097 976 3150 die
990 3098 1075 3150 festo:

59 3179 113 3218 mm
136 3172 228 3222 curati
246 3173 275 3222 in
300 3172 381 3222 alium
400 3173 472 3223 diem
492 3169 702 3223 celebrationum
717 3171 864 3222 transferre
880 3183 935 3220 non
952 3172 1074 3234 possunt.
1142 3219 1145 3224 .

58 3237 230 3294 Nihilominus
246 3244 269 3294 si
283 3244 345 3308 quis
359 3248 469 3294 curatus
486 3255 584 3306 magna
594 3242 685 3309 inopia
699 3241 845 3301 laboraret,
860 3241 996 3309 possstah
1007 3239 1074 3306 Epi-

59 3321 129 3378 scopo
144 3313 275 3376 chimera,
287 3319 326 3372 ut,
341 3317 452 3381 accepto
463 3315 518 3364 alia
527 3313 698 3378 eleemosyna
710 3326 759 3379 pro
771 3313 815 3363 die
825 3313 902 3371 lesio,
917 3311 1073 3378 applicatio·
1117 3343 1122 3353 ι

59 3392 112 3433 nem
126 3384 153 3434 in
167 3385 250 3436 alium
270 3385 391 3450 ejusdem
412 3385 591 3436 hebdomada
609 3384 680 3435 diem
695 3384 827 3450 rejiceret.
843 3383 893 3434 Cit.
912 3383 970 3433 bul.
984 3383 1073 3434 Bene·

60 3451 115 3504 dicti
130 3457 205 3507 XIV.
221 3459 247 3508 5⁰
267 3458 367 3509 Contra
385 3457 517 3522 praedicta
534 3455 638 3506 nullam
651 3456 742 3506 valera
756 3451 977 3506 cbnsuetudinem
992 3453 1074 3505 etiam

60 3522 299 3579 immemorabilem.
310 3529 377 3580 Eud.
395 3529 462 3588 hul.;
476 3534 503 3579 et
515 3528 542 3578 S.
558 3529 639 3592 Cong.
650 3527 681 3577 25
695 3525 942 3591 septemb.lbl'l.-
956 3525 992 3590 (2)
1006 3524 1070 3576 Bul.

60 3593 142 3666 Nuper
155 3599 305 3655 Innocentii
318 3599 373 3652 Xll
388 3607 415 3664 et
425 3600 468 3652 cii.
481 3599 538 3652 bul.
555 3597 621 3652 llum
633 3610 736 3664 sempor
745 3597 884 3650 Benedicti
892 3595 968 3660 XIV,
982 3596 1074 3666 inqua

910 3686 948 3739 tt.
