2490 4088
102 201 128 252 ot
144 199 181 250 tt.
205 197 319 252 Olor-tom
333 209 396 249 uero
417 199 521 249 eeteros
538 195 663 250 hortatur
679 195 752 248 idem
774 195 925 261 monilium,
945 199 977 250 ot
995 197 1072 249 sennl
1093 197 1133 250 in

101 282 199 333 mense,
213 272 239 321 ot
252 267 454 320 solemnioribus
466 267 541 331 tntis
554 266 646 319 dulus
658 265 731 319 idern
743 272 944 321 sacromentum
957 272 1073 329 mmont,
1092 281 1136 320 ac

102 341 133 393 B.
151 338 395 406 Virqinisofltcium
408 338 526 404 quotidie
539 338 661 392 recitent.
683 339 805 391 Clemens
828 339 869 390 XI
893 344 984 392 autem
998 341 1141 405 praescri·
1242 346 1243 392 l

103 412 154 473 bit,
167 413 197 461 ut
210 410 301 462 clerici
323 410 497 474 promovendi
518 409 551 460 ad
570 423 662 462 sacros
684 409 793 462 ordines
808 424 858 477 par
880 410 974 462 decem
996 413 1054 463 dias
1078 411 1135 462 de·

103 483 185 536 heaut
197 481 385 546 spiritualibus
395 481 530 533 exercitiis
545 493 651 541 vacere,
666 481 739 546 quod
749 481 872 532 Pontifex
883 483 935 534 sul>
950 482 1049 534 efficaci
1060 483 1137 534 hor-

103 555 204 606 tatione
224 565 273 617 pro
291 565 346 602 una
362 552 457 604 saltem
471 551 529 602 vice
543 552 572 600 in
594 563 664 602 anno
691 552 726 602 ad
740 553 891 615 canonicos,
905 554 1089 612 beneficiatos,
1107 555 1141 604 et

104 623 257 677 sacerdotes
271 623 399 685 extendit,
415 625 453 674 ita
465 627 496 673 ut
512 635 558 674 eos
571 635 619 687 pro
635 621 687 673 hoc
701 630 822 688 tempore
841 623 961 675 absolvat
977 625 1140 676 aresidan-

103 697 152 758 tia,
166 701 192 745 et
208 692 341 758 plenarie
364 693 539 758 indulgentiae
552 691 681 743 beneficio
696 693 772 757 ditet,
788 695 866 747 modo
883 694 947 746 flant
959 695 992 746 de
1005 696 1140 761 episcopi

56 758 67 776 '
104 767 222 829 licentia,
244 778 278 816 ne
299 765 406 816 omnino
420 765 495 816 chori
510 763 624 815 officium
647 764 796 829 deseratur,
820 769 848 817 et
871 767 900 816 in
919 767 1138 818 solemnioribus

104 839 168 889 anni
182 837 382 899 festivitatibus,
404 841 451 888 aut
464 835 598 894 Adventu,
615 835 658 885 vel
675 836 890 902 Quadrugesima
904 851 958 888 non
979 839 1137 902 contingat,

104 915 131 961 et
145 909 184 960 sic
200 911 326 960 absentes
343 921 436 958 omnes
445 906 640 958 beneficiorum
654 906 768 971 fructus,
783 908 863 958 immo
878 911 905 959 et
921 909 1138 960 distributiones

104 981 275 1047 quotidianas
284 979 433 1030 lucrantur.
447 977 536 1043 Epist.
556 978 578 1040 i,
593 976 658 1028 Feb.
672 977 740 1028 1710.
753 979 808 1028 Alii
822 979 928 1030 demum
945 993 1062 1031 canones
1073 985 1138 1030 eta·

103 1054 190 1114 luunt,
204 1056 234 1102 ut
246 1051 338 1103 clerici
352 1049 468 1101 debeant
480 1049 637 1113 diligentius
647 1047 743 1112 multo,
757 1063 838 1114 quam
854 1051 915 1102 laici
925 1052 1061 1116 jejunium
1073 1063 1138 1102 ser·

103 1137 177 1174 vare.
192 1123 256 1174 Gan.
272 1125 296 1178 6,
311 1122 373 1172 dist.
388 1122 422 1182 43
439 1113 656 1172 benedictionem
676 1135 778 1172 mensae
798 1135 967 1187 preponere,
987 1124 1013 1171 et
1026 1121 1135 1185 gratia·

104 1208 165 1250 rum
187 1195 319 1246 actionem
338 1198 398 1257 post
421 1205 542 1243 mensam
555 1191 654 1242 lacere.
669 1191 736 1244 Can.
755 1195 770 1244 8
784 1198 811 1244 at
829 1194 864 1252 12,
880 1193 941 1244 dist.
956 1193 1003 1250 ll;
1020 1205 1051 1242 ac
1072 1192 1136 1242 fre-

104 1270 217 1331 quenter
235 1279 285 1330 per
302 1263 525 1316 sacramentalem
549 1263 745 1315 confessionem
768 1264 863 1329 culpas
877 1265 998 1328 expiare,
1013 1262 1076 1313 licet
1094 1261 1136 1313 da

105 1335 198 1386 lethali
215 1335 315 1386 conscii
328 1349 381 1385 uon
395 1334 457 1385 sint.
484 1335 542 1396 Qua
557 1335 583 1383 in
601 1347 630 1384 ra
646 1348 695 1385 nos
715 1339 799 1386 terret
816 1348 909 1385 canon.
931 1334 970 1396 87,
984 1333 1017 1384 de
1030 1335 1137 1398 poenit.

41 1461 46 1470 ,
105 1406 168 1457 dist.
186 1409 207 1469 t,
221 1407 269 1456 ubi
285 1420 333 1470 per
353 1405 530 1470 aequipollens
553 1404 660 1461 dicitur.
683 1406 790 1457 clericos
809 1405 929 1469 praviter
945 1404 1135 1468 delinquentes

104 1477 160 1539 vie,
174 1478 214 1528 vel
226 1489 376 1542 noniquom
388 1479 457 1528 recte
471 1475 605 1534 conitere.
623 1475 726 1527 Idcirco
742 1476 769 1526 S.
783 1475 800 1527 l
802 1489 902 1528 oannes
921 1476 1134 1540 Chrysostomus

105 1549 266 1612 subJungit:
289 1546 351 1598 Non
372 1547 493 1600 arbitror
518 1546 590 1599 inter
612 1546 758 1600 sacedotes
784 1547 880 1600 multos
900 1560 961 1605 esse,
987 1547 1034 1612 qui
1057 1546 1134 1600 solvi

102 1619 181 1684 flunt,
193 1619 239 1670 sed
252 1617 335 1670 enolto
346 1617 443 1682 plures,
457 1617 505 1684 qui
517 1621 636 1684 percont.
651 1619 752 1670 Homil.
772 1618 796 1682 3,
810 1620 838 1669 iu
852 1621 912 1670 Act.
928 1621 1021 1684 Apost.

140 1779 185 1835 76.
211 1774 349 1834 Doctrina
371 1782 401 1834 et
416 1775 538 1836 scientia
557 1777 717 1853 requiritur
730 1778 760 1836 iu
783 1777 909 1852 clariola,
925 1777 1016 1854 quisi
1038 1777 1130 1853 igno-

104 1875 182 1938 rent,
195 1863 422 1938 ignorabuntur,
436 1871 467 1924 et
482 1866 506 1924 si
520 1866 579 1926 sint
593 1867 673 1926 stulti
687 1867 718 1925 in
733 1868 820 1942 culpa
834 1873 923 1926 erunt
934 1865 1084 1942 sapientes
1095 1867 1130 1925 in

103 1970 195 2030 poena
209 1956 259 2024 (l).
276 1958 341 2012 Nou
354 1959 455 2013 tamen
467 1955 600 2014 eminens
613 1955 736 2016 scientia
749 1957 779 2014 in
802 1954 909 2014 iisdem
926 1955 1062 2015 absolute
1076 1971 1127 2014 re-

105 2041 240 2118 quiritur,
256 2041 308 2100 sed
322 2041 444 2101 scientia
457 2043 607 2104 sufficiens
624 2045 662 2104 ad
681 2045 826 2120 populum
847 2042 1026 2116 docendum,
1043 2043 1129 2102 etad

2 2171 3 2190 2
105 2136 290 2190 sacramenta
313 2130 515 2190 ministranda.
538 2137 652 2192 Revera
675 2131 864 2191 innocentius
890 2136 944 2205 ill,
966 2138 1129 2208 postquem

105 2218 258 2278 scientiam
279 2217 310 2276 in
337 2219 452 2277 clericis
479 2220 658 2295 efflagitavit,
677 2220 882 2295 'proponendo
906 2218 1129 2295 scripturarum

105 2308 260 2367 oraculum
275 2325 282 2365 :
300 2307 375 2376 Ouio
390 2314 423 2366 tu
440 2307 593 2366 scnntiorn
605 2309 749 2383 repulisti,
770 2308 912 2384 repellent
927 2316 963 2381 te,
977 2324 1015 2367 ee
1027 2325 1127 2368 encor-
1182 2301 1193 2318 ¹
1242 2345 1243 2388 q

3 2389 9 2455 i
103 2397 181 2455 dolio
202 2396 340 2470 sunporis
361 2396 445 2468 milri,
469 2397 613 2472 adjunxit,
635 2395 854 2472 competentem
879 2396 1033 2456 scientiam
1056 2414 1126 2456 esse

5 2484 9 2544 ,⁸
104 2484 310 2558 tolerandam,
337 2485 429 2543 modo
449 2485 651 2560 imperfectum
679 2486 803 2544 icteritia
831 2485 964 2562 supplent
988 2487 1126 2562 perfectio

8 2619 11 2627 Δ
103 2573 256 2632 edentulis
271 2576 320 2644 (t).
338 2575 408 2642 Quae
417 2589 486 2632 cum
501 2573 689 2633 doctissimus
698 2574 833 2633 Pontifex
844 2575 978 2651 exponit,
994 2573 1126 2635 divinam

10 2714 15 2727 ,
103 2661 314 2721 revelationem
334 2661 479 2735 collineat,
495 2662 524 2720 in
547 2679 606 2736 qua
620 2663 684 2722 haec
703 2663 915 2738 praeoipiuutur
929 2662 1035 2722 Levitis
1049 2683 1055 2721 :
1071 2663 1125 2722 ha-

10 2761 15 2817 ’,
103 2749 197 2809 beatis
212 2749 364 2809 scientiam
378 2749 566 2810 discernendi
578 2751 654 2827 inter
666 2757 811 2824 sanctum,
823 2758 853 2810 ct
866 2753 1035 2827 profanum,
1047 2751 1126 2812 iuter

11 2843 17 2905 ζ·
102 2840 258 2913 pollutum,
275 2848 304 2898 et
317 2838 471 2912 muudmn,
487 2839 677 2915 doceatisque
690 2839 767 2899 illios
781 2841 871 2900 lsrael
882 2840 983 2901 omnia
994 2839 1126 2916 legitima

101 2931 276 3085 mettauffluvis
295 3014 360 3074 heco
380 3017 558 3076 clericorum
579 3017 702 3076 scientie
725 3017 825 3076 omnia
845 3016 1003 3093 complecti
1017 3017 1125 3078 debeat

15 3129 17 3138 ι
101 3103 180 3161 bona
193 3103 289 3162 studia
307 3105 393 3178 juxta
414 3104 545 3180 Gregorii
559 3109 594 3164 lll
619 3112 812 3181 praeceptum,
826 3104 856 3164 iu
871 3123 931 3181 quo
944 3107 1075 3178 mandat,
1089 3113 1124 3166 ut

102 3189 201 3249 clerici
213 3207 242 3249 se
257 3193 289 3250 in
302 3193 400 3266 officiis
415 3193 621 3266 ecclesiasticis,
638 3201 664 3253 et
686 3195 720 3252 in
735 3193 803 3252 ollis
825 3194 905 3252 bonis
919 3194 1024 3253 studiis
1039 3210 1124 3252 oner-

102 3285 186 3338 ceont
208 3279 360 3352 diliqcnlor
379 3286 437 3352 (l),
461 3289 561 3340 tanuen
584 3282 752 3340 necessario
770 3288 815 3342 est
839 3281 911 3357 ipsis
933 3281 1122 3357 potissimum

102 3366 228 3426 scientia
249 3383 401 3432 sacrarum
424 3369 835 3447 Sc1·ipturerum,quiajuxte
857 3377 885 3430 S.
908 3370 1123 3446 Hieronymum

101 3454 248 3528 lpnorotlo
259 3456 493 3534 scripturorum,
508 3459 653 3532 tencrone
676 3460 785 3522 Cureti
799 3467 840 3522 est
859 3464 920 3536 (5),
944 3459 1066 3522 scientia
1088 3463 1120 3523 S.
