2468 4090
451 180 612 236 -tat-

37 301 83 354 Sed
96 299 227 352 edendus
239 302 280 352 ast
293 299 375 352 etiam
388 299 517 352 Glraldus
531 301 565 353 ad
585 301 631 354 cit.
654 313 711 365 cap.
734 297 774 354 lie
788 301 840 353 tua
857 301 890 352 de
912 301 976 354 cler.
996 315 1050 355 non

36 371 108 439 reqid.
123 371 177 422 Hic
189 372 305 437 quaestio
321 375 362 423 est
375 371 446 423 inter
459 371 597 436 Doctores,
612 385 647 423 an
662 371 778 437 privatio
797 373 933 424 fructuum
952 374 1050 427 acon·

37 441 202 497 ctas-decreto
217 441 294 493 illata
306 443 445 507 infligatur
458 443 518 508 ipso
534 445 606 509 jure,
621 443 660 494 ita
671 445 702 493 ut
718 443 809 495 statim
825 448 969 496 enascatur
981 447 1049 498 ohli-

36 515 99 578 getio
111 514 217 566 imatus
231 514 392 566 restituendi
404 513 543 578 Ecclesiae,
557 518 604 565 aut
617 515 695 566 alteri
708 514 753 580 pio
767 515 843 579 loco;
858 530 893 567 an
906 530 969 569 vero
983 517 1052 569 inlli-

37 587 106 650 gatur
118 587 226 636 motum
238 589 301 651 post
313 585 560 638 condemnatoriam
570 585 671 650 judicis
685 585 857 638 sententiam.
877 587 1052 643 Reiffenstuel

39 656 65 706 ad
80 657 120 707 tit.
136 657 248 708 declar.
263 669 318 708 non
333 657 413 709 resid.
427 670 455 708 n.
472 656 516 708 tat
528 671 591 709 cum
604 656 666 708 aliis
681 657 806 724 pluribus
819 658 906 720 docet,
921 659 1052 725 privatio-

38 742 90 778 nem
103 727 200 779 inlerri
220 728 386 780 solummodo
408 732 470 793 post
492 727 740 781 condemnatoriam
757 727 858 793 iudicis
881 732 1052 796 sententiam,

39 800 93 864 quia
112 800 210 852 Patres
224 799 336 852 Gonoilii
349 803 463 851 utuntur
475 800 565 862 verbo,
579 799 711 864 privetur,
726 800 798 866 quod
811 813 919 865 poenam
934 803 1053 856 loreudae

39 871 180 936 sentemiae,
192 875 220 924 et
234 884 288 921 non
303 871 365 923 latae
378 870 517 923 evidenter
537 872 664 934 continet,
685 870 749 936 quia
767 883 827 922 rem
848 872 1010 938 taciendam,
1026 876 1054 926 et

39 955 83 992 non
94 943 194 994 lacum
205 942 315 994 indicat.
329 941 382 994 Sed
400 942 429 992 S.
447 943 485 994 De
501 943 608 1008 Ligario
623 943 650 992 in
665 941 761 994 Moral.
776 942 796 992 l.
812 942 837 1006 t,
852 957 880 993 n.
898 944 950 1001 129.
965 945 1052 1010 docet,

39 1012 99 1063 hanc
110 1014 289 1079 privationem
303 1013 398 1066 inlerri
412 1013 471 1079 ipso
484 1015 554 1079 jure,
566 1013 679 1078 darique
689 1013 717 1064 in
730 1014 895 1065 conscientia
909 1015 1054 1068 restituen-

41 1083 62 1133 di
81 1084 280 1150 obligationem,
293 1085 358 1150 qnia
375 1087 517 1150 postquam
538 1084 650 1137 Concilii
672 1081 768 1136 Patres
790 1083 973 1137 adhibuerunt
994 1101 1055 1138 ver-

40 1154 96 1205 bnm
107 1155 239 1220 privetur,
253 1156 461 1221 subjunxerunt,
475 1155 656 1222 enmqaisqae
677 1154 794 1209 dimidia
813 1159 890 1220 parte
903 1157 1053 1221 fnestram,
1134 1157 1138 1166 “

42 1238 96 1289 qttot
107 1226 192 1279 ettam
205 1227 313 1280 ratione
326 1226 480 1293 prebenda,
501 1239 534 1280 oc
551 1226 702 1281 residentia
723 1225 792 1293 facit
805 1241 873 1280 suos.
894 1227 1012 1294 ideoque
1032 1229 1056 1281 si

43 1298 132 1350 ratione
156 1299 312 1351 residentiae
333 1297 508 1350 beneficiatus
531 1299 596 1350 lacit
616 1299 721 1350 tructus
743 1311 816 1361 suos,
837 1313 891 1350 non
915 1299 1057 1352 residendo

43 1380 96 1420 suos
108 1383 163 1421 non
177 1370 250 1422 lacit.
264 1368 379 1434 Insuper
392 1369 452 1421 haec
468 1369 591 1421 doctrina
605 1370 781 1421 confirmetur
794 1384 827 1422 ex
841 1371 899 1422 bul.
917 1372 1057 1423 Benedicti

44 1437 98 1490 lllV
115 1438 183 1494 cam
200 1453 313 1506 semper,
328 1443 356 1492 et
373 1453 390 1492 a
408 1441 484 1492 brev.
500 1440 623 1506 eJ'osdam
641 1439 740 1494 Dtlocte
755 1440 806 1506 riti,
825 1441 919 1507 inquo
933 1443 1058 1494 Pontifex

45 1508 160 1576 declaret,
176 1511 348 1573 adsistentes,
362 1511 418 1563 sive
433 1511 624 1563 interessentes
639 1511 729 1569 choro,
744 1515 769 1563 et
787 1526 841 1563 non
861 1517 988 1565 canentes
1004 1527 1059 1564 non

46 1579 120 1632 lacere
132 1583 239 1634 fructus
251 1595 325 1644 suos,
337 1595 369 1633 ac
383 1582 546 1633 restitutioni
557 1595 617 1634 esse
631 1582 760 1634 obnoxios
773 1603 779 1633 ι
794 1588 822 1634 at
834 1583 858 1634 si
872 1584 900 1634 in
912 1584 993 1635 choro
1005 1597 1059 1636 non

46 1657 158 1705 canentes
173 1667 228 1706 non
242 1654 344 1706 iaciunt
357 1654 462 1704 lructus
472 1666 545 1718 suos,
557 1653 689 1719 quomodo
701 1667 764 1705 suos
774 1655 862 1706 lacere
871 1658 1060 1721 poteruntnon

46 1721 225 1777 interessentes
238 1730 266 1777 et
278 1725 424 1776 absentes?
438 1725 480 1776 Ad
494 1725 546 1775 hoc
561 1727 652 1776 autem
664 1725 842 1778 restitutionis
852 1739 920 1778 onus
934 1730 1060 1778 tenentur

47 1807 138 1860 quoque
152 1810 247 1848 omnes
261 1796 413 1848 beneficiati
430 1810 581 1858 com-oure,
596 1795 639 1847 vel
655 1797 714 1847 sina
727 1810 793 1847 cura
808 1797 968 1861 animarum,
978 1798 1060 1848 immo
1087 1803 1102 1828 ‘

47 1868 66 1913 et
76 1864 201 1920 habentes
215 1869 409 1932 praestimonia,
424 1866 467 1918 vel
482 1867 706 1934 praestimoniales
719 1867 916 1933 portiones,uel
928 1868 1061 1921 beneficia

47 1937 137 2004 absque
151 1939 271 2001 servitio,
287 1940 334 2004 qui
356 1939 438 1991 horas
461 1939 604 1990 canonicas
626 1938 759 1990 Breviarii
783 1953 837 1990 non
861 1941 1015 2006 recitarent,
1035 1942 1062 1991 et

49 2009 142 2072 quidem
165 2024 216 2075 pro
238 2015 298 2062 rata
318 2010 448 2077 temporis
464 2010 591 2062 amittunt
611 2009 806 2061 beneficiorum
824 2010 935 2074 tructus,
951 2025 983 2063 ac
998 2024 1060 2076 pos·

49 2085 100 2130 sunt
113 2082 284 2146 gravioribus
297 2082 386 2148 poenis
406 2081 507 2146 puniri,
520 2081 544 2134 si
562 2080 634 2132 adsit
653 2082 830 2142 contumacia,
844 2082 915 2133 sicut
931 2085 1062 2134 statutum

49 2147 188 2204 invenimus
204 2153 232 2203 in
245 2152 303 2205 bul.
320 2153 348 2203 S.
363 2151 406 2202 Pii
415 2152 449 2203 V.
465 2149 507 2204 Ee
520 2150 655 2214 eroetmo,
670 2166 732 2218 quae
747 2152 885 2204 confirmat
897 2153 971 2205 aliud
990 2166 1061 2218 prae-

50 2220 133 2274 cedem
148 2223 288 2275 decretum
304 2223 409 2274 concilii
423 2223 624 2274 Laterauensis·
638 2223 665 2274 S.
676 2223 715 2274 De
733 2223 839 2288 Ligario
851 2223 880 2274 in
893 2223 989 2277 Moral.
1003 2224 1022 2276 l.
1036 2223 1061 2288 3,

49 2303 70 2340 n
83 2293 125 2346 663
138 2298 168 2347 at
180 2308 256 2362 seqq.
269 2294 390 2346 otenel.
403 2292 463 2346 Jnr.
478 2293 554 2346 Pont.
569 2293 604 2345 ad
618 2307 663 2345 an.
680 2295 748 2358 1854,
762 2308 825 2360 pag.
836 2296 891 2347 695.

77 2462 304 2536 trasmundo,
330 2467 470 2522 tenentur
489 2460 626 2522 canomci
643 2460 724 2521 aliud
747 2461 903 2522 decretum
926 2461 1063 2536 eJosdem

52 2551 155 2612 concili
177 2551 338 2611 observare
351 2551 389 2611 de
401 2551 602 2627 praesentiam
617 2551 720 2625 choro,
735 2556 765 2610 et
781 2550 811 2610 in
825 2549 932 2610 divinis
956 2549 1064 2610 officiis

51 2633 88 2695 his
98 2639 197 2700 verbis
208 2644 409 2716 conceptum:
427 2638 533 2699 Omnes
547 2654 614 2698 vero
628 2638 732 2698 divino
748 2655 802 2714 per
821 2655 862 2712 se,
884 2645 911 2699 et
932 2655 995 2698 rore
1010 2655 1064 2714 per

52 2727 210 2790 substitutos
235 2730 287 2802 (l),
313 2727 529 2804 compelleretur
552 2725 629 2786 obire
657 2726 762 2801 officio,
786 2733 813 2785 et
835 2727 963 2804 episcopo
991 2727 1063 2786 cale-

52 2811 148 2890 brortti,
170 2824 224 2876 oret
238 2816 302 2876 alie
319 2815 507 2892 Poetifieoir'o
528 2815 683 2887 mercati,
698 2814 849 2889 adsistere,
865 2822 892 2875 et
904 2815 1063 2886 adseroire,

52 2910 126 2979 utque
139 2907 174 2966 in
185 2905 272 2964 choro
289 2906 329 2965 od
342 2905 533 2982 psallandum
547 2903 682 2963 instituto
702 2903 822 2978 hymnis
837 2911 864 2963 et
880 2904 999 2963 conteis
1012 2904 1066 2963 Det

52 3008 149 3056 aurare
163 3002 338 3065 reverenter,
353 2995 497 3067 distincte,
518 2993 671 3068 devoteque
692 2992 817 3052 laudare
831 2995 882 3064 (t).
903 2997 1065 3053 Exteriore

53 3078 129 3156 hujus
148 3082 272 3157 decreti,
286 3083 368 3160 quod
384 3099 423 3143 ex
439 3080 620 3159 praecedenti
634 3079 764 3157 profluit,
780 3079 892 3156 liquido
907 3087 997 3156 patet,
1013 3099 1065 3141 ca-

54 3172 167 3233 nonicos
188 3170 282 3234 teneri
302 3171 395 3232 choro
413 3170 564 3231 deservire
582 3186 637 3246 per
657 3185 701 3243 se,
717 3185 778 3228 non
801 3185 856 3244 per
880 3169 1064 3246 substitutos,

55 3271 113 3320 cum
125 3259 241 3322 caeterie
256 3259 320 3320 aliis
342 3261 436 3320 choro
458 3257 693 3319 deservientibus
714 3274 834 3332 canere,
854 3273 893 3316 ne
913 3263 1066 3344 tamquam

55 3355 126 3409 mue
135 3349 295 3410 simulacra
304 3348 433 3425 propriis
447 3347 569 3408 sedibus
581 3347 788 3423 immorentur,
798 3352 829 3406 et
842 3347 900 3408 elie
910 3364 1066 3424 peragere,

56 3433 201 3514 dequibus
210 3437 272 3513 agit
283 3438 460 3498 Benedictus
472 3439 533 3497 xlv
547 3440 558 3511 (
578 3441 599 3510 ).

81 3565 114 3633 (l)
122 3569 303 3624 Nihilominus
312 3568 428 3633 soong.
440 3565 520 3620 conc.
530 3564 559 3618 in
568 3577 651 3618 cause
659 3560 801 3632 anobtna
809 3563 923 3628 censuit,
931 3564 1066 3657 subletum

152 3663 176 3714 1.
913 3656 939 3708 11
