2468 4090
453 176 615 250 -trt-

18 299 77 365 tunt,
93 295 180 370 quod
199 295 309 356 Ρ33133
320 295 487 373 prasertim
500 296 595 357 Titum
609 313 701 374 supra
715 313 822 360 omnes
835 296 998 376 Episcopos
1011 297 1042 358 in

18 384 95 445 133313
117 388 222 444 Gretae
246 391 382 460 creatos,
406 391 436 445 et
449 384 633 447 Timotheum
654 403 745 463 supra
759 405 865 449 omnes
882 387 959 448 Asiae
973 385 1040 464 Epi-

19 491 109 550 scopos
123 473 330 534 constituerit.

43 567 97 622 rte.
111 561 343 639 trclriepiscopi
356 562 460 622 eodem
469 563 570 637 modo,
587 579 647 639 quo
659 562 797 640 Episcopi
811 572 971 638 creantur3
988 565 1042 626 sed

19 652 60 711 illis
72 653 158 711 datur
173 653 312 724 Pallium,
328 653 409 727 quod
428 651 492 712 istis
506 653 570 713 sine
589 652 710 729 speciali
723 651 876 729 privilegio
889 670 949 713 uon
968 671 1040 714 con-

19 741 122 800 ceditur.
149 739 280 800 Pallium
308 739 506 802 communiter
524 742 692 818 inspectum
712 747 757 800 est
778 741 928 817 quoddam
948 742 1039 802 uesti-

19 829 92 888 menti
104 847 220 906 genus,
236 847 296 906 quo
314 833 512 906 imperatores
531 831 701 903 utebantur,
716 831 797 906 quod
812 829 852 890 ita
866 831 979 890 dictum
992 831 1036 891 vi-

19 915 96 991 detur,
116 920 167 978 vel
188 917 359 994 apellibus,
385 917 492 993 quibus
509 924 555 978 est
582 918 761 992 conlectum,
784 920 833 979 vel
848 935 887 979 ex
903 919 1035 994 eoquod

21 1007 109 1080 palam,
123 1007 155 1066 id
166 1013 217 1066 est
231 1022 322 1083 super
336 1005 409 1065 alias
422 1011 521 1066 vestes
534 1005 674 1067 defertur.
689 1008 747 1068 Sed
760 1007 882 1068 Pallium
896 1007 1041 1068 canonice

21 1095 228 1157 consideratum
249 1100 296 1154 est
315 1095 466 1171 quoddam
484 1100 607 1156 Sacrum
625 1094 752 1172 insigne,
773 1113 833 1172 quo
847 1103 971 1157 utuntur
986 1102 1041 1155 Ar-

23 1181 201 1259 chiepiscopi,
226 1183 334 1259 aliique
352 1183 526 1258 Superiores
548 1183 688 1244 Ecclesiae
707 1187 850 1261 praesules
872 1186 910 1245 ad
933 1201 1041 1246 eorum

19 1269 241 1343 jurisdctionem
259 1271 484 1348 exprimendam
496 1273 535 1332 ad
548 1275 719 1350 exemplum
734 1271 920 1335 summorum
934 1279 1040 1335 Sacer-

24 1358 105 1420 dotum
116 1362 232 1422 ueteris
246 1362 331 1438 legis,
353 1359 448 1438 quiin
464 1361 583 1438 signum
597 1363 781 1424 auctoritatis
794 1382 812 1424 a
825 1369 887 1425 Deo
908 1363 1039 1424 313333-

23 1463 95 1508 cessae
105 1449 275 1526 Rationale,
291 1456 321 1511 et
331 1449 582 1527 superhumerale
598 1450 787 1526 induebant(
806 1457 829 1527 1,

45 1594 73 1659 (l)
86 1597 146 1662 Gap.
160 1599 205 1650 28.
223 1598 308 1650 Exod.
324 1597 384 1648 Non
406 1598 473 1649 satis
487 1599 677 1650 constatinter
691 1599 813 1652 eruditos
826 1612 843 1652 a
856 1612 919 1665 quo,
934 1600 961 1652 et
985 1611 1039 1666 qrro

24 1666 121 1726 primum
135 1673 261 1736 tempore
286 1669 336 1720 hoc
355 1669 495 1734 dignitatis
516 1670 707 1722 ecclesiasticae
725 1671 830 1736 insigne
852 1671 934 1723 luerit
959 1672 1038 1723 insti·

24 1739 106 1800 tumm3
120 1744 147 1791 at
169 1756 236 1793 oum
258 1740 416 1804 dignitatem
431 1740 642 1792 ecclesiasticam
659 1742 772 1804 referat,
789 1742 823 1794 eb
838 1742 961 1794 Ecclesia
977 1756 1036 1795 ere-

25 1805 117 1862 dendum
135 1815 179 1864 est
195 1811 357 1874 institutum,
373 1816 403 1863 ut
426 1813 542 1877 majores
559 1813 740 1864 aminoribus
756 1813 920 1879 praesulibus
934 1813 1037 1864 distin·

25 1887 158 1946 guerentur,
176 1898 242 1934 cnm
257 1884 357 1946 praeter
372 1882 486 1946 pallium
495 1882 571 1934 nulla
585 1883 621 1934 sit
635 1883 706 1934 inter
722 1884 873 1951 episcopm,
887 1886 914 1935 el
928 1884 1035 1936 archie-

27 1947 126 2016 piscopos
147 1953 296 2006 distiuctio.
312 1953 452 2005 Habemus
463 1967 496 2004 ex
516 1954 634 2018 epistola
647 1953 687 2016 11,
700 1954 748 2005 lib.
760 1953 784 2018 l,
801 1954 828 2005 S.
843 1955 966 2020 Gregorii
982 1969 1039 2007 ma·
1111 1955 1118 1970 ‘

27 2020 57 2080 gni
67 2023 96 2072 ad
108 2025 252 2078 universos
265 2024 389 2090 illyricos
411 2025 560 2091 episcopos,
572 2025 661 2092 ipsum
676 2025 835 2077 Pontificem
848 2027 961 2092 pallium
978 2041 1039 2080 con·

28 2093 120 2146 cessisse
133 2095 236 2148 loanni
249 2096 332 2148 electo
347 2096 472 2161 episcopo
487 2096 665 2148 iustinianeee
682 2097 787 2163 primae,
799 2111 860 2163 quae
875 2098 969 2150 civitas
979 2100 1038 2150 erat

29 2161 283 2230 simp-Iustiniana
294 2168 322 2217 in
332 2167 389 2218 loco
400 2179 458 2218 suae
472 2167 621 2219 nativitatis
636 2168 807 2231 reaedificata,
817 2181 933 2234 quaeque
948 2169 1037 2235 prima

28 2230 143 2288 dicebatur
154 2239 191 2290 ad
205 2238 407 2289 distinctionem
420 2237 600 2289 lastinianeae
617 2237 743 2289 secundae
757 2238 791 2289 ab
808 2238 902 2293 eodem
917 2238 1035 2290 31111133-

27 2303 81 2355 lein
91 2307 179 2360 insula
193 2309 276 2375 Cypri
289 2309 317 2360 in
330 2309 460 2360 honorem
473 2308 597 2374 conjugis
611 2322 668 2360 suae
683 2309 843 2372 Theodorae,
858 2323 920 2375 quae
934 2309 972 2360 ihi
988 2323 1035 2361 or-

28 2374 68 2423 tum
80 2376 197 2443 duxerat,
204 2385 237 2432 ut
249 2381 342 2432 videre
355 2381 396 2432 est
410 2380 438 2431 in
450 2379 506 2432 vita
519 2380 670 2432 iustiniani
684 2380 801 2446 Digestis
815 2381 1035 2447 praepositafla·

27 2440 100 2500 tenus
128 2465 238 2519 qnoque
262 2451 450 2503 innocentium
472 2451 524 2516 111,
549 2451 717 2502 Patriarchis
744 2451 881 2505 orientalis
912 2451 1035 2504 ecclesias

30 2521 220 2587 accesissent
230 2526 397 2590 postquama
408 2523 528 2574 Romano
539 2522 671 2574 Pontifice
679 2521 793 2588 pallium
801 2522 1034 2590 receperint,que·

29 2590 61 2636 ant
70 2589 116 2654 ipsi
124 2594 204 2657 juxte
216 2593 481 2660 entiquaprivilegia
489 2593 606 2660 pallium
619 2592 797 2660 suffraganeis
808 2593 865 2646 suis
877 2593 1033 2658 concedere,

28 2662 154 2721 11313113
166 2665 260 2730 privil.

52 2848 102 2908 tlt.
116 2853 241 2914 Pallium
262 2856 386 2914 sacrum
406 2851 564 2929 dupliciter
583 2856 683 2929 potest
707 2847 900 2921 considerari,
924 2864 1034 2926 nempe

30 2929 136 3014 physice,
150 2948 180 3002 et
192 2941 354 3010 moraliter.
371 2941 496 3002 Pallium
509 2941 634 3018 physice
645 2945 797 3015 sumptum
810 2936 882 3001 nihil
895 2937 974 2998 aliud
987 2943 1033 2998 est

30 3033 95 3092 11313
107 3046 114 3086 :
124 3030 226 3092 l'aseie
239 3031 326 3090 lanea
338 3031 465 3091 eandida
476 3037 534 3090 tres
546 3028 660 3090 circiter
670 3028 773 3104 dipitos
785 3025 856 3098 lala,
868 3027 902 3108 in
909 3026 1034 3086 modern

31 3107 108 3174 cirrati
118 3127 262 3190 contenta,
279 3136 342 3197 qaae
356 3120 495 3180 humeros
510 3118 609 3194 clepit,
619 3118 761 3194 doletque
770 3115 937 3192 elatraque
946 3122 1032 3191 parte

30 3193 98 3260 littus
117 3206 321 3288 1333313331
340 3209 374 3267 in
389 3208 529 3268 tumeres
552 3206 750 3283 impendentes
774 3221 843 3265 eant
855 3220 907 3263 sea
919 3203 1029 3278 sericis
1085 3238 1087 3244 ·

31 3284 147 3367 liltt'tqtte
164 3296 298 3356 33331133
320 3297 450 3368 intentio,
474 3295 620 3371 tribusque
647 3293 767 3354 annalis
787 3292 886 3353 enreir
913 3292 1028 3350 consui-

32 3375 65 3428 tnr
76 3386 97 3436 et
111 3381 261 3460 altipetnr.
281 3384 403 3444 Pallium
419 3401 492 3443 vero
516 3382 680 3444 mortaliter
697 3387 848 3457 sumptum
872 3379 913 3438 ita
929 3385 1029 3455 potest

31 3457 135 3529 totuin:
150 3473 286 3533 Polliam
304 3481 345 3533 est
359 3473 473 3548 insipne
488 3480 702 3532 ornamentum
720 3471 908 3545 diremptam
921 3484 1028 3528 eaeor·

29 3558 77 3614 1011
88 3553 118 3615 l).
131 3560 221 3635 Petri,
237 3569 263 3619 et
277 3578 296 3620 a
311 3559 344 3620 S,
360 3561 498 3635 Pontilee
512 3559 737 3636 Aretiepiseopis
752 3559 857 3620 datum
870 3556 1026 3632 deslpnans
