2490 4088
613 227 756 284 ..32-

171 349 208 413 lI,
223 349 346 416 adjunxit
362 369 368 401 ε
382 349 483 403 Memor
498 363 558 404 1001
573 363 616 403 me
632 350 680 404 sub
693 349 890 404 attiniacense
904 351 1014 406 ammata
1026 352 1201 418 praetere...

172 421 249 486 cujas
265 420 330 486 lidos
342 422 447 474 0111001
461 422 583 475 taceam
595 435 726 488 amquam
742 422 819 486 sopit,
834 421 880 474 sed
893 436 983 475 omncs
991 423 1100 490 00111010
1118 423 1203 476 harc-

173 504 212 543 scs
235 491 463 546 (10111111110011.
481 493 518 543 10.
533 493 593 544 eod.
614 493 683 544 Item
705 493 732 544 S.
748 494 882 545 Eusebius
896 495 986 558 Papa:
1002 493 1202 560 1010001100-

173 559 267 614 stolico
280 566 359 615 cotra
378 563 515 616 1110101010
527 575 630 629 senipar
645 565 682 616 est
698 562 828 618 catholica
843 564 1067 629 servetoltcltpa'o,
1083 566 1147 617 (lan.
1163 567 1203 618 ll.

173 637 234 688 eod.
251 638 355 690 Similia
369 639 465 702 repetit
479 639 506 690 S.
519 639 616 701 Julius,
641 642 667 690 et
682 639 788 702 Agatho
805 641 888 703 Papa,
906 641 952 706 qui
966 640 1024 690 haec
1040 640 1138 692 hehet:
1156 637 1205 694 Sic

165 722 264 762 ’010001
276 708 427 774 apostolica
443 709 512 762 sedis
534 710 684 763 sanctiones
697 710 857 777 accipienda
872 714 944 775 suat,
959 715 1099 776 tamquam
1115 712 1206 779 ipsius

175 779 263 834 diuini
277 781 351 834 Petri
361 794 421 833 voce
435 780 550 846 linteata
562 782 627 834 sint.
642 782 707 834 Gan.
727 781 751 844 1,
766 782 829 832 dist.
847 783 882 834 19.
900 809 921 818 -
943 783 977 845 (91
996 781 1037 834 Ob
1050 781 1204 834 1111100111-

173 865 230 902 sam
249 852 315 904 Pius
335 853 410 920 Papa
426 853 467 902 lX
490 855 647 918 sequentem
673 853 811 904 damnavit
832 854 1055 918 propositionem:
1082 852 1207 906 Ecclesia

170 935 224 974 noa
247 921 324 977 habet
348 927 506 986 potestatem
528 923 676 989 dopmoticc
700 923 856 988 definiendi,
878 923 1039 986 lletipa'oncm
1064 924 1207 978 catholicas

170 992 289 1047 Ecclesia
302 1007 355 1046 esso
366 995 444 1047 name
457 1007 551 1048 onom
563 994 732 1060 relipionam.
751 994 854 1060 Syllab.
869 1009 944 1060 prop.
961 996 1000 1046 11.

207 1192 252 1247 at.
268 1187 415 1248 Doctrinae
434 1186 639 1263 magisterium
658 1187 792 1248 Ecclesia
809 1196 931 1250 exercet
953 1206 1008 1266 per
1025 1189 1205 1266 EpiscopOS‚

171 1275 278 1354 quibus
316 1282 467 1354 tamquam
493 1277 702 1352 Apostolorum
731 1278 955 1338 successorihus
983 1279 1097 1338 dictum
1126 1288 1204 1339 est:

170 1365 281 1426 Eurotas
292 1365 386 1425 doceto
399 1381 499 1424 omnes
511 1373 609 1440 pentes
618 1386 628 1424 :
638 1373 739 1424 ennias
746 1366 899 1440 predicate
912 1367 1107 1442 Ecenpclo'rnn
1116 1371 1210 1428 ornat

168 1461 310 1515 montera
335 1458 389 1528 (t).
421 1453 559 1530 Episcopi
573 1460 672 1514 lamen
698 1453 867 1528 singillatim
890 1455 1000 1531 sumpti
1025 1473 1060 1516 ea
1084 1462 1208 1516 tantum

172 1544 292 1614 docere,
309 1550 339 1602 et
354 1543 518 1619 praedicare
541 1549 678 1619 possunt,
703 1560 769 1619 quae
790 1560 829 1603 ea
842 1545 936 1604 verbo
962 1543 1062 1603 divino
1078 1545 1206 1618 tradite,

170 1633 220 1692 vel
246 1631 368 1708 scripto,
380 1630 536 1692 manifesta
549 1637 579 1691 et
592 1630 714 1690 indubia
739 1639 930 1708 acceperunt,
950 1634 999 1692 vel
1019 1633 1142 1692 definita
1167 1637 1209 1694 ab

171 1721 303 1781 Ecclesia
321 1726 403 1780 certo
417 1727 571 1796 apparent.
588 1719 618 1780 Si
627 1737 700 1780 vero
710 1720 848 1796 Episcopi
862 1728 1018 1781 sumantur
1027 1721 1115 1780 simul
1125 1723 1211 1783 uniti

170 1809 202 1867 in
217 1808 343 1869 concilio
358 1809 490 1884 generali
504 1825 573 1868 eum
595 1825 701 1868 eorum
721 1811 818 1885 capite
832 1816 966 1870 Romano
982 1811 1134 1884 leutitiae,
1152 1813 1210 1888 qui

172 1904 238 1957 acta
259 1897 377 1959 concilii
390 1896 507 1972 probet,
528 1897 686 1957 ecclesiam
700 1897 859 1959 docentem
873 1900 1040 1971 efformem,
1057 1905 1087 1958 et
1102 1899 1135 1957 in
1150 1901 1209 1960 de-

171 1986 302 2046 liniendo
327 1987 482 2062 dogmate,
517 1985 711 2062 moribusque
750 1988 965 2062 componendis
995 1987 1211 2050 infallibilitate

152 2077 313 2152 „gaudent
329 2075 376 2134 Sic
390 2075 469 2134 enim
494 2074 666 2150 congregati
682 2074 851 2136 universam
866 2082 1083 2152 repraesentant
1096 2080 1210 2138 Eccle-

173 2165 247 2225 siam
260 2165 367 2225 tamin
382 2163 488 2239 capite,
504 2181 593 2238 quam
607 2165 638 2222 in
651 2165 803 2238 membris,
820 2165 868 2224 cui
882 2165 1078 2241 praerogativa
1092 2165 1210 2228 infalli-

174 2253 294 2314 bilitatis
318 2271 336 2312 a
359 2252 473 2313 Christo
489 2252 559 2312 data
578 2259 633 2312 est.
652 2254 723 2313 ldeo
744 2253 870 2313 concilia
888 2253 1074 2314 oecumenica
1088 2253 1213 2316 Sancto

173 2350 330 2417 vocantur,
345 2349 497 2418 tamquam
506 2343 690 2417 1000901100,
706 2351 732 2402 ct
742 2344 879 2418 paradisi
897 2345 1027 2419 flamina
1041 2343 1212 2419 habentur,

157 2431 318 2508 ’1111011101
330 2431 497 2491 doctrinam
509 2430 678 2506 plenissimo
690 2431 914 2507 01111000111).

147 2507 150 2517 ¹
209 2525 388 2598 Supremam
404 2527 502 2579 tamen
518 2519 663 2578 doctrinae
675 2520 879 2596 magisterium
897 2521 952 2581 soli
962 2527 1062 2594 Petro,
1075 2521 1216 2599 eiusque

172 2609 398 2670 successoribus
423 2609 577 2684 competit.
601 2607 713 2670 Veritas
732 2610 821 2684 hujus
839 2610 944 2669 asserti
968 2610 1118 2670 dimanate
1144 2613 1215 2687 pri-

172 2705 273 2771 matu,
295 2715 384 2775 quem
400 2696 508 2757 summi
529 2697 687 2756 Pontifices
709 2715 749 2757 ex
763 2699 831 2774 jure
859 2698 959 2758 divino
983 2716 1074 2774 supra
1096 2716 1217 2762 omnes

173 2794 275 2848 tenent
297 2788 329 2846 in
351 2787 489 2846 universa
501 2787 633 2846 Ecclesia
647 2789 697 2856 (3).
709 2785 853 2846 erimarus
867 2786 947 2856 enim
969 2787 1102 2847 continet
1115 2797 1217 2862 pote-

174 2886 280 2939 statem
291 2876 445 2954 judicandi
459 2877 571 2951 absque
586 2873 820 2950 appellationem
830 2876 975 2951 Principe,
990 2883 1019 2936 et
1032 2875 1060 2934 in
1076 2877 1218 2938 subditis

174 2967 305 3026 osticium
320 2965 478 3026 obediendi
498 2965 612 3039 absque
630 2965 827 3038 repugnantia
851 2982 943 3024 :nam
958 2964 1103 3041 primatus
1124 2967 1221 3028 foret

173 3055 323 3128 inefficax,
338 3053 364 3114 si
385 3054 494 3114 subditi
512 3051 666 3126 doctrinis
686 3059 716 3111 et
733 3053 953 3113 delinitionibus
971 3053 1116 3130 principis
1132 3073 1219 3130 pos-

175 3151 242 3205 sent
268 3143 417 3219 reluctari,
435 3150 466 3204 et
486 3143 570 3202 aliter
586 3157 675 3217 agere
697 3142 1220 3221 1111001110111010101111111ςί-

178 3232 301 3293 sterium
315 3233 459 3293 doetrinae
472 3231 503 3290 in
518 3229 651 3289 conciliis
665 3231 859 3290 oecumenicis
868 3238 914 3292 est
923 3231 1082 3304 infallibila
1093 3233 1222 3306 potiori

171 3323 240 3397 jure
251 3323 310 3381 talc
324 3339 390 3381 esse
403 3321 491 3380 (lebet
504 3319 533 3378 in
548 3317 690 3378 Ponlilice
705 3319 782 3378 Petri
795 3337 979 3392 successore,
992 3336 1061 3380 cum
1075 3322 1223 3384 concilia

174 3411 267 3470 robur
280 3417 309 3470 et
322 3411 492 3470 firmitatem
505 3426 524 3468 a
537 3410 602 3468 solo
622 3408 763 3468 pontifice
784 3410 917 3470 obtinere
941 3415 1051 3485 queant
1070 3428 1076 3468 ε
1092 3426 1173 3472 nam
1193 3414 1224 3473 si

173 3499 205 3558 in
219 3499 351 3560 conciliis
365 3505 444 3574 Papa
467 3515 527 3558 non
548 3498 595 3570 sit,
612 3504 641 3556 ot
658 3503 725 3556 ecta
739 3504 844 3574 postea
866 3516 927 3558 non
943 3499 1112 3572 confirmet,
1130 3517 1223 3561 con-

177 3588 240 3650 cilia
267 3590 382 3650 nullum
401 3590 512 3650 habent
534 3587 636 3662 robur,
661 3603 758 3663 neque
786 3588 948 3649 Ecclesiam
973 3595 1225 3670 repraesentant,
