2566 4102
603 233 769 280 -un-

171 343 308 406 dicautur
321 341 442 418 prmlioa
454 340 507 414 0.,
518 344 550 413 23
561 339 613 416 qui
625 347 711 402 aetus
724 342 821 402 cultus
833 341 864 400 in
877 342 984 403 iisdem
997 349 1199 406 exeruemtur

168 433 219 506 ilo,
241 437 268 492 3.
292 429 400 506 Nequit
419 429 582 506 episcopus
602 430 777 505 permittere
800 431 1032 492 celebrationem
1051 433 1151 494 missae
1163 434 1198 493 in

171 519 311 582 oratoriis
329 521 452 597 privatis
465 524 536 592 4483
553 519 609 578 nisi
623 537 678 595 per
690 521 814 580 modum
827 527 913 581 actus
926 539 966 582 ex
977 539 1096 598 magna,
1107 529 1138 583 et
1148 537 1199 582 ur·

166 611 248 688 genti
270 627 360 670 causa
381 609 419 668 ti.
441 613 530 668 Casus
552 608 583 667 in
607 609 715 684 quibus
735 609 895 686 episcopua
912 611 1080 688 specialiter
1094 617 1197 688 potest

164 698 293 776 erigere,
312 705 342 758 et
355 697 585 758 celebrationem
598 699 770 774 permittere
792 699 823 758 in
844 700 986 775 oratorio,
1000 707 1030 760 et
1043 707 1130 760 exuo
1143 717 1197 762 ec-

167 789 288 850 clesiam
300 791 362 847 lm.
377 786 492 847 indulta
504 787 674 862 Apostolica
687 788 808 848 oratorii
821 789 929 864 privati
941 796 1011 850 sunt
1024 788 1197 866 personalia

167 883 234 952 4503
251 877 302 954 qui
314 876 372 935 sint
383 875 533 934 indultarii
546 875 598 948 ib„
609 875 842 954 &excipiuntur
854 878 1049 940 solemniores
1062 878 1127 940 dies
1140 878 1195 954 16,

165 973 196 1043 3;
213 983 279 1044 quae
294 965 451 1043 praecipuae
464 963 647 1025 indultorum
659 965 799 1026 clausulae
815 967 866 1042 10,
878 971 908 1028 l.

202 1059 423 1128 Onnrmr10883
446 1071 463 1112 a
483 1070 543 1130 quo
563 1053 627 1114 fleri
645 1055 739 1130 possit
757 1056 807 1130 id,
828 1062 854 1116 1.
876 1059 920 1116 Ex
942 1062 1015 1133 quot
1029 1039 1127 1116 causis
1141 1056 1194 1124 liat

165 1144 324 1223 episcopus
337 1141 477 1220 proprius
491 1143 529 1201 ib.
543 1150 569 1202 et
583 1159 657 1220 seqq.
674 1143 824 1204 Ordinatio
835 1144 903 1204 data
917 1144 948 1204 in
959 1143 1064 1204 ordine
1073 1144 1193 1206 minore

166 1235 203 1296 ab
219 1251 278 1294 uno
293 1233 435 1309 episcopo
449 1231 527 1306 lacit,
539 1249 578 1291 ne
592 1231 670 1292 licite
683 1231 845 1309 recipiatur
855 1235 893 1294 ab
907 1234 965 1294 alio
980 1235 1011 1294 in
1023 1233 1137 1310 majore
1150 1233 1191 1294 ib.

164 1329 258 1386 Poena
272 1321 405 1400 episcopi
425 1320 588 1381 ordinantis
611 1339 672 1380 non
696 1323 857 1398 subditum,
871 1329 901 1384 et
921 1324 966 1384 sic
983 1323 1111 1384 ordinati
1133 1325 1191 1397 923

163 1411 321 1474 difficiliter
333 1411 365 1472 in
385 1411 443 1470 hcc
461 1413 489 1469 S.
504 1409 698 1486 congregatio
715 1411 927 1487 dispensatio..
947 1415 974 1472 1.
990 1411 1139 1472 scrutinia
1153 1411 1193 1471 ad

102 1565 112 1578 ,
164 1503 285 1563 ordines
296 1505 341 1560 93.
358 1499 442 1560 Tituli
455 1499 493 1560 ad
508 1499 628 1560 ordines
640 1505 689 1575 943
708 1501 829 1578 quando
841 1500 1020 1562 beneficium
1034 1501 1072 1562 sit
1088 1498 1192 1560 titulus

163 1591 314 1652 sufficiens
327 1589 378 1663 ior
397 1587 527 1664 quando,
543 1593 573 1648 et
587 1589 738 1664 quomodo
750 1589 853 1650 titulus
870 1589 1040 1666 patrimonii
1052 1589 1190 1650 admitta-

165 1687 211 1742 tur
223 1680 274 1740 ib..
290 1683 339 1752 11;
353 1694 443 1752 poena
454 1675 629 1752 ordinantis,
640 1684 669 1738 et
681 1679 808 1740 ordinati
821 1679 886 1740 sine
899 1679 983 1740 titulo
997 1683 1046 1752 96;
1062 1684 1191 1754 Aposto-

162 1769 221 1829 lica
234 1765 415 1843 dispensatio
436 1781 455 1824 a
475 1763 559 1824 titulo
580 1765 631 1839 16,
651 1769 678 1826 ὅ.
694 1771 800 1840 Lucae,
817 1774 847 1828 et
862 1771 980 1844 tempus
992 1765 1192 1828 ordinationis

161 1856 341 1935 peragendae
355 1859 400 1914 96.
421 1853 572 1914 Ordinatio
586 1871 641 1932 per
661 1856 769 1916 saltum
791 1861 837 1918 97.
861 1857 1043 1934 irregulares
1056 1853 1192 1916 ordinari

158 1961 219 2007 non
233 1950 359 2023 possunt
372 1948 416 2004 98.

198 2040 278 2096 ano
297 2041 343 2096 est
364 2037 586 2094 sacramentum
607 2035 678 2106 338;
705 2035 771 2110 ejus
794 2032 938 2108 minister,
964 2037 995 2095 et
1021 2033 1192 2110 subjectum

166 2123 217 2200 tn,
232 2130 259 2185 1.
275 2124 353 2185 Ordo
368 2139 454 2183 sacer
467 2123 517 2182 dat
531 2121 776 2197 impedimentum
789 2123 827 2184 ad
838 2123 1060 2186 matrimonium
1074 2125 1139 2184 396.

199 2219 279 2275 ano
295 2211 498 2290 cognitionum
510 2210 542 2270 in
552 2210 670 2287 judiciis
685 2215 738 2272 8³5
752 2221 779 2272 ot
791 2229 866 2290 seqq.

180 2307 323 2366 'Ooorurs
340 2301 522 2378 regularium
533 2299 615 2370 (Vide
627 2299 806 2376 deputares).

197 2397 291 2453 Onroo
306 2392 405 2470 quoad
420 2388 639 2450 ordinationem
658 2393 711 2462 893
735 2389 784 2450 illa
797 2389 889 2472 patris
907 2387 1067 2453 attenditur
1091 2388 1123 2450 in
1145 2389 1190 2452 le·

168 2481 286 2565 gilimis,
303 2487 333 2541 et
347 2479 449 2540 matris
461 2479 491 2538 in
506 2476 664 2554 illegitimis
679 2477 729 2553 ila,
745 2483 772 2540 3.

199 2576 371 2644 0111101011,
391 2575 421 2628 et
435 2565 614 2628 lieterodoxi
629 2569 674 2627 61.

195 2665 402 2736 Osrausonruu,
416 2656 503 2735 piria,
514 2662 545 2715 et
554 2657 730 2734 corporalia,
738 2657 809 2732 etc,
817 2657 969 2735 quomodo
979 2655 1191 2720 benedicenda

163 2750 338 2824 arnamar.
893 2767 899 2778 ·

195 2843 338 2913 Osrrrarr,
357 2851 521 2912 eorumque
536 2833 667 2896 officium
681 2837 743 2894 119.
840 2917 843 2924 1

657 3069 684 3127 Ρ

195 3272 309 3330 Pteron
329 3265 453 3335 nudum,
476 3268 507 3322 et
528 3260 670 3321 vestitum
691 3263 754 3320 609.
773 3263 862 3318 Pacta
874 3257 955 3318 nuda
969 3257 1190 3336 obligationem

160 3358 325 3420 naturalem
338 3353 456 3432 pariunt
469 3355 537 3423 6103
552 3357 640 3426 pacta
651 3347 755 3409 vestita
766 3346 855 3406 etiarn
868 3347 986 3407 ciuilem
998 3348 1037 3407 66.
1053 3347 1191 3428 Simplex

158 3446 316 3526 promissio
326 3445 386 3504 vim
395 3441 474 3520 pacti
486 3457 548 3500 non
561 3437 661 3512 habet,
671 3435 727 3496 nisi
736 3440 805 3512 post
817 3436 1056 3512 acceptationem
1067 3438 1125 3513 iba
1139 3457 1192 3502 ex·

159 3538 227 3614 cipe
251 3536 282 3595 in
302 3532 500 3613 promissione
521 3530 623 3588 favore
643 3543 742 3586 causae
761 3524 827 3603 piae,
851 3541 917 3601 quae
932 3523 1033 3585 statim
1046 3535 1190 3606 accepta-

158 3633 208 3688 tur
220 3629 310 3686 alteo
323 3623 362 3684 ib.
378 3619 563 3697 [reprobatur
576 3622 698 3694 pactum
711 3613 750 3675 de
763 3617 854 3688 quota
867 3609 925 3672 litia
938 3611 1017 3674 inter
1044 3613 1190 3680 clientem
