2566 4102
641 237 790 284 -m-

44 333 57 356 ⁰
180 323 277 406 ⁸intr-u
290 343 395 407 docem
405 343 469 406 dics
482 344 660 422 operiendus
682 345 731 421 464
751 345 798 408 bis
816 346 921 408 diebus
937 346 1056 424 elapsis,
1076 353 1106 408 ot
1119 345 1235 424 publi-

199 433 400 507 cationenon
422 433 510 508 40040,
524 433 693 496 necessaria
715 442 780 498 erat
802 451 879 496 nova
899 433 1242 497 cenomanensis

194 523 258 583 *lata
272 528 341 598 post
352 521 532 584 decerndics
546 523 651 583 transit
665 522 694 582 in
708 539 773 584 rem
784 521 957 600 judicatam,
970 523 996 583 si
1008 523 1046 583 ab
1061 540 1098 584 ea
1110 540 1180 584 non
1197 525 1241 586 sit

198 612 379 688 appellatum
392 615 463 684 8554·
476 611 507 671 444
521 609 625 672 decern
639 611 702 672 dias
715 611 859 688 incipiunt
871 629 890 672 a
903 612 951 672 dis
964 611 1239 688 pronunciationis

198 701 237 760 ad
249 702 314 759 acta
328 700 442 760 cadule
455 700 571 773 dandae,
589 702 637 761 vel
652 717 707 778 pro
726 711 840 762 secuto
851 701 938 778 juxta
951 700 1074 761 citatum
1097 701 1240 778 Liguriae

197 803 323 861 morem,
337 788 385 848 vel
398 805 416 848 a
431 788 480 850 die
491 789 697 865 publicationis
712 805 815 850 coram
827 788 959 866 partibus
973 789 1023 863 464
1038 792 1097 850 4400
1114 781 1239 853 deo'em

195 875 313 938 dierum
331 876 428 952 spatio
448 878 543 953 jndex
562 877 659 938 citatis
672 877 806 954 partibus
819 883 918 954 potest
937 876 1115 939 sententiam
1131 895 1233 942 suam

196 965 350 1028 declarare
362 965 414 1039 46,
430 970 457 1026 4.
473 966 631 1028 sententie
645 965 754 1028 revisio
765 970 828 1026 4484.

231 1059 385 1116 5444444440
399 1055 561 1131 coniugum
574 1053 657 1126 (lide
670 1054 860 1128 liivortiwm.)

232 1146 369 1204 srrrrrrus
383 1143 579 1204 Decretalium
591 1159 771 1220 suppressus
783 1147 829 1217 45,
844 1147 871 1204 4.

230 1234 390 1292 5440440444
404 1231 584 1292 cadaverum
596 1233 741 1306 ubiolirn,
763 1239 793 1293 et
806 1247 888 1292 nunc
900 1229 1000 1292 danda
1012 1231 1051 1292 sit
1063 1234 1113 1292 464
1127 1247 1136 1306 4
1154 1249 1237 1310 quae

194 1319 382 1381 observanda
407 1318 438 1380 in
465 1321 659 1381 tumulatione
685 1325 748 1382 464.
772 1321 928 1397 Sepultura
955 1321 1119 1396 quotuplex
1145 1326 1211 1382 463
1219 1323 1235 1398 ’4

192 1409 287 1470 electa
300 1409 441 1485 praevalet
454 1409 592 1471 omnibus
611 1409 661 1484 464
676 1409 727 1486 qui
743 1409 858 1486 possint
871 1408 980 1485 elisere
991 1407 1049 1481 464
1064 1409 1235 1485 regulares

191 1497 274 1560 circa
288 1513 354 1559 cam
374 1504 527 1574 nequeunt
548 1497 658 1575 pacisci
677 1497 727 1572 464
746 1497 889 1574 gentilitia
902 1500 1043 1573 prevalet
1056 1498 1235 1574 parochiali

191 1591 262 1660 4644
272 1585 424 1663 quomodo
436 1593 526 1662 queat
539 1586 662 1647 alienari
673 1586 722 1661 ib.3
735 1585 766 1645 in
780 1585 942 1663 parochiali
955 1585 1118 1647 admittitur
1133 1588 1231 1662 quis·

192 1673 464 1753 queparoobianus
478 1680 541 1736 ltili.
555 1676 666 1748 Quibus
680 1675 882 1736 ecclesiastica
895 1676 1047 1753 sepultura
1059 1675 1229 1737 interdica-

56 1851 59 1860 V
84 1786 87 1792 ·
191 1769 240 1823 tur
253 1767 316 1823 466.
340 1762 473 1824 Defuncti
492 1764 624 1840 parocho
644 1763 817 1840 regulariter
839 1763 936 1842 portio
958 1763 1102 1826 canonica
1122 1765 1229 1828 debe-

193 1857 243 1912 tur
257 1854 320 1912 465.

227 1943 409 2008 8404404404(
423 1941 487 2014 654,
502 1946 529 2000 4.

226 2032 333 2089 Srrros
342 2028 539 2090 beoretalrum
553 2034 601 2091 44
795 2063 798 2066 -

227 2121 380 2178 8444444044
394 2116 544 2178 Pontiiiois
557 2133 648 2194 super
661 2117 803 2178 abusibus
815 2119 917 2196 populi
931 2121 977 2193 56,
991 2123 1038 2180 45.

229 2205 351 2266 Sironis
373 2210 439 2279 4644
456 2207 521 2284 ejus
534 2204 639 2266 divisio
653 2207 700 2266 46·
694 2207 780 2282 ,04440
790 2221 888 2282 poene
901 2211 967 2280 464,
982 2207 1012 2268 44
1026 2206 1225 2284 professione

190 2292 330 2369 religiosa
344 2293 418 2367 ib.3
411 2311 440 2354 444
453 2293 594 2354 ordinum
607 2295 765 2356 collauone
775 2295 848 2369 ib.3'
840 2313 871 2355 44
890 2295 1041 2358 beneflciis
1052 2296 1102 2369 464
1118 2301 1227 2359 contl-

190 2381 326 2442 dentialis
341 2382 492 2459 quomodo
510 2382 722 2458 committatur,
744 2389 775 2445 et
793 2384 944 2460 quomodo
964 2385 1078 2448 differat
1097 2385 1137 2445 ab
1150 2387 1227 2448 aliis
1247 2438 1252 2444 .

192 2469 326 2530 simoniae
340 2469 498 2547 speciebus
511 2471 548 2531 46

224 2563 376 2620 8444444440
390 2563 648 2620 sacramentorum
659 2559 821 2636 vetita3083
836 2566 866 2623 5.

224 2653 358 2709 40044440
382 2655 415 2708 04
435 2653 608 2708 0044400640
621 2651 688 2721 6364
712 2665 787 2725 (4040
808 2648 994 2710 conditiones
1013 2649 1145 2726 requirat
1160 2653 1222 2730 ib.3

187 2738 338 2814 quomodo
347 2736 526 2798 dissolvatur
534 2742 600 2810 6373
611 2753 650 2796 an
664 2737 758 2813 possit
766 2737 887 2798 dissolvi
900 2739 1052 2800 voluntate
1061 2739 1149 2800 unius
1161 2741 1223 2817 464

186 2828 231 2884 Ex
246 2841 285 2884 ea
296 2824 454 2885 honestum
473 2827 589 2886 luorum
607 2843 646 2884 ex
659 2824 785 2904 pecunia
801 2825 880 2888 licite
898 2826 1060 2904 percipitur
1073 2831 1138 2903 646,
1154 2833 1188 2890 5.

221 2917 349 2974 80004444
362 2917 433 2987 4794
449 2914 514 2989 ejus
526 2931 625 2990 poenae
639 2914 676 2974 46

222 3005 417 3062 4044400460
435 3001 466 3060 444
485 3002 673 3063 confessione
685 3006 752 3076 4644
767 3003 833 3080 eius
845 3019 943 3080 pcenae
957 3003 996 3064 46.

222 3095 343 3150 sororio
362 3094 429 3164 6963
453 3090 604 3166 quomodo
624 3091 759 3151 iacienda
781 3091 831 3166 464
851 3091 880 3152 in
897 3091 1048 3154 beneficiis
1061 3109 1125 3153 non
1143 3093 1225 3157 licet

186 3178 303 3239 solvere
317 3179 635 3256 annatusanticipatus
654 3179 704 3253 464
721 3181 795 3241 alius
814 3197 870 3256 pro
889 3181 946 3241 alio
965 3188 1064 3257 potest
1079 3182 1222 3246 debitum

144 3257 147 3264 ”
185 3266 302 3328 solvere
310 3267 428 3340 ib.3non
443 3273 542 3327 tamen
551 3268 742 3329 beneficiatus
752 3286 791 3329 ex
802 3269 888 3330 bonis
898 3270 1220 3343 ecclesiaeib.Quando

184 3369 342 3415 successor
351 3355 380 3415 in
396 3355 542 3416 beneflcio
552 3362 688 3417 teneatur
699 3359 815 3418 solvere
823 3357 923 3418 debita
934 3359 1134 3420 antecessoris
1145 3364 1217 3423 694.

178 3442 286 3528 ,14044440
299 3443 486 3516 clericorum,
505 3443 531 3504 si
553 3445 609 3505 clia
632 3445 710 3506 bone
733 3463 793 3506 non
808 3445 967 3521 sufficiant,
984 3449 1127 3508 solvenda
1141 3457 1219 3512 sunt

183 3545 223 3592 ex
235 3547 340 3591 eorum
351 3530 503 3608 stipendiis
516 3533 730 3595 beneficiorum
742 3537 809 3607 6964
823 3535 905 3595 salva
920 3542 1020 3596 44444044
1040 3535 1130 3597 debet
1140 3552 1213 3598 esse

184 3635 289 3684 corum
303 3621 477 3684 sustentatio
489 3625 553 3682 699.
