2566 4102
462 255 467 266 .
534 227 665 276 ...11-

98 343 267 403 Beneficium
275 341 526 420 jurispatronatus
535 342 617 417 (vide
626 343 878 420 Juspatroaotus.)
888 341 1046 415 Quomodo
1065 341 1119 403 be-

97 432 230 491 neficium
242 430 401 492 amittatur.
418 432 501 506 (Vide
521 429 633 500 locutio
647 437 678 492 et
694 431 904 504 renunciatio.)

29 511 31 538 ⁸
129 526 325 586 Banrrmnrus
345 537 406 580 non
425 520 555 582 recitans
576 521 667 580 horas
693 519 855 580 canonicas
875 519 981 582 amittit
1000 520 1115 582 fructus

29 603 31 612 ’
99 605 431 685 prorataomissionum
447 615 509 683 178,
524 614 552 668 6.

27 731 28 736 1
128 704 335 760 toleraturos
351 699 490 775 quamdiu
502 699 590 759 duret
601 702 654 772 533
669 696 867 774 apostolieum
880 697 911 760 in
925 697 1109 760 alienationi-

27 789 29 802 '
95 787 144 848 bus
157 788 308 848 bonomm
322 787 462 848 Ecclesiae
474 792 527 848 711
541 795 651 864 etseqp.

125 881 244 936 Brutum
258 877 362 952 triplex
376 877 427 936 dat
440 876 686 953 irregularitatem
700 879 766 937 166.

127 969 312 1040 Busrnsnn,
328 972 358 1025 et
372 969 436 1040 ejus
449 983 549 1042 poeoae
562 969 627 1026 163.

127 1059 199 1115 Bona
213 1053 346 1114 fidelium
360 1054 607 1128 communiendo,
622 1059 649 1116 l.
695 1053 699 1064 ’

120 1148 200 1217 'Boni
215 1143 349 1206 ecclesiae
362 1143 536 1220 temporalia
547 1143 645 1204 dicata
658 1149 728 1204 sunt
739 1148 800 1204 Deo
815 1147 881 1218 5983
898 1159 1005 1206 eorum
1017 1143 1108 1206 viola·

93 1239 136 1292 tor
149 1231 266 1292 rebellis
277 1239 323 1292 est
336 1233 367 1291 in
380 1237 472 1293 Deum
485 1239 514 1293 et
528 1231 558 1290 in
574 1233 735 1292 Ecclesiam
748 1232 785 1292 to.
801 1233 927 1294 Profana
940 1251 958 1292 a
972 1233 1109 1294 fidelibus

92 1319 186 1381 oblata
198 1321 228 1379 in
247 1320 385 1396 religiosa
399 1326 612 1382 convertuntur
625 1323 688 1380 601.
705 1321 818 1380 Debent
831 1328 975 1398 perpetuo
990 1325 1062 1396 Deo,
1078 1325 1110 1382 et

91 1410 226 1472 Ecclesiae
238 1409 353 1471 servire
364 1409 400 1468 a.
417 1409 487 1481 Quis
497 1426 603 1469 eorum
616 1409 757 1470 Dominus
771 1409 842 1469 toll
857 1427 916 1486 quo
932 1426 1037 1470 eorum
1049 1411 1104 1472 do·

90 1498 208 1560 minium
217 1505 393 1560 exerceatur
406 1503 467 1558 661.
478 1503 542 1558 Non
555 1505 599 1558 est
610 1497 779 1574 subjectum
794 1497 873 1558 civili
887 1499 1029 1574 potestati
1044 1503 1109 1574 603;

91 1606 185 1664 aqua,
205 1588 255 1666 qui
269 1587 342 1666 petit
354 1589 405 1647 dat
418 1589 590 1664 exemplum
604 1588 761 1648 horrendae
776 1585 944 1663 cupiditatis
961 1588 998 1647 ib.
1014 1592 1111 1648 Usur·¹

19 1689 26 1700 '
89 1677 165 1752 patio
179 1676 274 1737 civilis
292 1678 377 1737 affert
397 1677 513 1738 ruinam
533 1677 708 1750 animarum,
724 1683 753 1738 et
768 1677 993 1762 regnorum'ib„
1009 1683 1036 1737 1.
1052 1677 1107 1749 Qui

89 1783 189 1826 eorum
204 1765 457 1845 administratores
469 1771 522 1826 606
536 1774 561 1828 et
580 1771 643 1828 606.
660 1765 878 1827 administratio
892 1765 1102 1840 ministerialis,

88 1854 309 1930 auctorisabilis,
323 1862 353 1916 et
366 1855 587 1930 providentialis
600 1855 637 1914 ib.
655 1855 784 1916 Fabricae
798 1855 933 1916 ecclesias
948 1854 1106 1932 parochia-

87 1941 120 2002 lis
132 1948 193 2017 6073
207 1943 328 2004 inducta
343 1962 359 2002 a
373 1943 488 2020 legibus
501 1944 635 2024 civilibus
649 1943 802 2004 modernis
813 1943 873 2020 juri
888 1961 977 2004 sacro
993 1944 1022 2003 in
1035 1944 1106 2020 plu-

85 2033 163 2092 ribus
182 2034 356 2092 adversatur
376 2033 425 2103 ila,
441 2039 467 2106 l;
483 2039 630 2108 quatenus
644 2039 734 2109 queat
754 2033 792 2092 ab
814 2032 967 2093 ordinario
987 2033 1108 2110 probari

85 2123 130 2196 ila,
145 2127 171 2182 3.
189 2127 339 2182 Bonorum
353 2121 622 2182 ecclesiastieorum
635 2121 889 2182 administratores
910 2122 949 2182 ad
967 2123 1040 2198 quid
1059 2127 1103 2182 te-

85 2218 205 2272 neantur
219 2216 271 2272 608
285 2229 291 2269 :
306 2217 444 2272 tenentur
458 2212 495 2271 ad
510 2211 618 2272 damna
637 2211 806 2288 reparanda
817 2211 856 2270 ob
872 2211 1013 2287 injustam
1024 2209 1106 2274 litem

85 2307 250 2376 susceptam
264 2300 313 2373 toa
326 2306 353 2361 2.
370 2300 588 2361 ad‘reddendas
602 2299 748 2376 Episcopo
763 2299 908 2367 rationes,
921 2298 1036 2360 etiamsi
1050 2317 1103 2360 eos

83 2395 200 2450 testator
216 2389 385 2449 liberaverit
398 2390 447 2460 ila,
460 2397 490 2450 l.
505 2389 607 2461 Quoad
619 2389 827 2450 alienationem
839 2389 923 2463 (Vide
934 2391 1103 2463 alienatio).

83 2481 157 2537 ltona
171 2476 310 2538 Ecclesiae
323 2495 385 2538 non
398 2486 524 2555 possunt
537 2478 690 2538 obtineria
700 2476 782 2538 laicis
796 2483 859 2554 761,
875 2483 902 2539 l.
919 2482 1000 2540 Bona
1013 2479 1101 2540 hene·

82 2567 246 2627 liciatorum
259 2566 340 2640 (vide
353 2569 530 2640 Peculium).

109 2661 262 2718 Baacnron
275 2657 417 2716 saecrrlme
434 2661 496 2716 861.
513 2658 677 2731 Quomodo,
693 2661 723 2720 et
737 2657 856 2736 quando
875 2653 971 2734 possit
991 2657 1101 2734 implo-

81 2746 132 2803 rari
142 2744 193 2818 ila,
209 2749 235 2804 1.
252 2745 405 2816 Quomodo
416 2751 446 2807 et
459 2745 579 2822 quando
594 2752 699 2806 contra
712 2746 865 2820 clericum,
881 2753 911 2808 et
926 2753 1032 2806 contra
1046 2746 1099 2806 lai-

80 2849 142 2894 cum
166 2836 231 2892 866.
255 2833 352 2893 ludex
376 2835 538 2902 saeoidmis
552 2835 640 2895 debet
662 2835 816 2896 brachium
840 2834 1008 2896 concedere
1031 2838 1097 2897 861.

81 2922 199 2992 Quando
214 2920 318 2997 'possit
340 2939 450 3010 negare
469 2928 531 2986 663.
548 2927 714 3000 Numquam
736 2931 921 3004 potestante
940 2939 1101 3002 processus

79 3010 257 3086 examinare,
271 3017 299 3070 et
313 3009 424 3087 aliquid
438 3012 561 3073 delinire
574 3011 611 3072 to.

108 3104 202 3160 Basra
215 3099 417 3175 apostolicum
429 3103 473 3161 31.

109 3193 287 3250 Bravmmcu
301 3192 352 3248 28:
368 3188 519 3266 quomodo
531 3189 680 3253 ede'ndmn
688 3192 725 3252 id.

83 3353 86 3362 ι
108 3282 260 3340 6111131.

108 3371 196 3428 aomo
211 3365 305 3428 Caena
319 3381 395 3442 quos
412 3383 499 3426 casus
513 3374 645 3430 reservet
658 3373 722 3444 336,
738 3374 783 3430 16.
882 3419 883 3422 ,

108 3459 196 3516 Bonna
209 3454 327 3514 llartini
341 3459 362 3511 V
376 3453 420 3514 Ad
434 3455 570 3516 evitando
581 3461 644 3529 286,
660 3462 706 3518 11.

109 3547 269 3607 6111111111
282 3548 449 3604 Romanum
464 3548 508 3604 16.
