2546 4082
235 357 301 415 ιιι.
316 357 460 430 Egressus
482 361 594 434 temen,
617 356 666 418 vel
686 356 848 434 ingressus,
863 361 898 418 ut
916 354 947 416 in
962 370 1054 434 supra
1066 354 1218 416 numeratis

200 451 332 526 casibus,
351 468 412 512 nou
432 458 481 514 est
500 453 599 514 licitus
615 454 752 516 absolute
765 472 820 531 per
832 471 884 528 se3
903 453 957 514 sed
973 454 1071 514 adbuc
1091 451 1218 530 Episcopi

201 540 352 601 licentiam
365 539 492 617 requirit
504 546 556 615 (l),
572 542 664 603 immo
678 542 828 620 Episcopi,
846 550 876 603 et
894 542 1061 618 superioris
1073 541 1217 617 regularis,

202 628 346 705 n'agatur
359 629 398 688 de
411 628 587 690 monialibus
607 630 765 706 exemptis,
789 637 819 691 et
836 629 1014 706 generaliter
1035 629 1217 704 Regularibus

201 716 362 794 subjectis:
378 716 448 793 quie
458 717 622 794 Episcopus
636 720 725 780 etiam
745 725 897 796 tamquam
910 719 1064 794 delegatus
1082 718 1216 794 Apostoli·

200 821 256 864 cus
276 803 366 865 debet
380 806 514 866 omnium
532 808 783 868 monasteriorum
796 809 964 868 clausuram
977 814 1089 866 sartam
1103 813 1217 866 tectam

197 910 256 970 que
269 909 401 965 servare,
414 895 546 970 exceptis
560 895 616 956 illis
627 896 826 969 monasteriis,
847 913 976 972 quorum
989 913 1063 955 cura
1075 913 1093 955 a
1106 900 1136 957 S.
1150 895 1216 954 Sede

196 979 284 1043 alicui
295 982 498 1042 determinatae
511 1001 650 1061 personae
663 983 718 1044 luit
737 985 916 1045 demandata
932 1004 939 1044 :
954 1001 1025 1045 nem
1040 983 1143 1044 hocin
1155 999 1215 1042 casu

197 1087 326 1148 persona
343 1091 350 1130 :
370 1070 539 1148 specialiter
561 1072 698 1150 delegata
722 1072 803 1134 vices
828 1073 979 1133 Pontificis
1004 1072 1081 1149 gerit
1095 1075 1155 1143 (2).
1181 1076 1215 1130 lle

196 1165 312 1220 coetero
325 1159 466 1236 praedicta
474 1159 591 1222 licentia
603 1161 778 1238 requiritun
791 1160 848 1221 nisi
858 1161 1024 1238 periculmu
1035 1160 1074 1221 sit
1086 1160 1115 1220 in
1129 1176 1214 1233 mora,

195 1254 227 1308 et
239 1246 414 1324 regulariter
426 1265 570 1324 expressa
584 1265 651 1310 esse
666 1250 766 1325 debet,
787 1249 926 1326 specialis
939 1267 995 1328 pro
1008 1249 1156 1328 personis,
1168 1250 1213 1307 de

194 1336 352 1398 terminate
373 1353 430 1415 pro
449 1336 575 1414 vicibus,
601 1337 664 1399 sive
684 1344 820 1416 tempore
840 1343 897 1414 (3),
919 1345 950 1400 et
965 1339 997 1400 in
1015 1338 1134 1418 scriptis
1150 1353 1214 1401 con·

196 1429 349 1499 cessati).

225 1553 262 1621 (l)
277 1555 382 1608 Praeter
394 1554 533 1608 licentiam
543 1555 690 1624 requiritur
703 1556 801 1619 adbuc,
814 1560 845 1608 ut
855 1557 954 1610 debitae
966 1557 1143 1611 observentur
1155 1569 1212 1610 cau·

195 1626 267 1686 telae,
280 1627 407 1680 videlicet
420 1647 427 1678 ι
438 1630 469 1679 ιιι
481 1627 638 1692 ingrediens
658 1629 808 1694 excipiatur
822 1642 839 1680 e
851 1628 958 1681 duabus
971 1629 1143 1688 monialibus,
1167 1640 1211 1679 cae-

195 1699 262 1750 teris
291 1697 319 1748 in
346 1697 436 1757 ebore.
462 1698 506 1750 vel
533 1698 561 1749 iu
589 1701 706 1764 propriis
724 1700 801 1752 cellis
824 1701 944 1764 remotis,
964 1701 1041 1752 salva
1056 1700 1213 1753 solemnitate

195 1782 294 1820 anuuae
307 1769 489 1832 visitationis3
507 1775 537 1821 ut
548 1773 622 1822 recta
634 1771 679 1823 via
693 1771 805 1823 aecsdm
817 1770 853 1822 ad
869 1770 957 1822 locum
966 1771 1098 1832 debitum,
1110 1777 1136 1823 et
1151 1769 1213 1822 simi

195 1839 258 1892 liter
271 1839 306 1891 ab
317 1854 348 1892 eo
363 1841 479 1903 recedat,
494 1841 560 1906 quin
575 1839 609 1892 ad
629 1841 684 1892 alia
705 1841 819 1894 uisenda
840 1840 966 1904 divertat,
985 1842 1067 1893 etiam
1082 1856 1160 1894 causa
1172 1841 1211 1891 de·
1249 1855 1250 1910 ι

194 1911 319 1970 rodonis,
334 1913 381 1962 eut
397 1911 554 1973 charitatis;
569 1917 600 1964 ιιι
611 1912 639 1962 in
652 1913 816 1965 monasterio
832 1927 887 1963 non
901 1918 1023 1965 moretur
1035 1914 1211 1978 ultratempus

194 1982 229 2033 ad
253 1995 331 2033 suum
356 1983 491 2047 negotium
514 1982 717 2048 perficiendum,
743 1997 830 2048 neque
852 1983 881 2033 in
895 1997 926 2036 ec
948 1985 1049 2043 eibum,
1068 1987 1209 2048 autpoturu

194 2053 293 2120 cupiat,
308 2057 355 2104 aut
368 2054 440 2120 quod
453 2055 533 2120 pejus
556 2057 598 2104 est
616 2054 758 2115 dormitet·,
781 2060 812 2105 ut
834 2055 1024 2106 Confessarius
1045 2054 1172 2120 regularis
1186 2052 1210 2102 in

193 2125 366 2178 monasteriis
379 2125 422 2176 sui
433 2124 536 2176 ordinis
549 2125 716 2189 ingrediatur
731 2125 874 2177 comitatus
886 2139 903 2176 a
917 2127 989 2177 socio
1003 2131 1132 2191 spectate
1146 2125 1208 2180 vite,

194 2197 259 2248 dum
274 2196 461 2248 confessarius
478 2196 618 2248 secularis
632 2196 706 2248 solus
720 2197 870 2262 ingreditur
881 2215 887 2256 ;
899 2202 930 2249 ut
949 2199 1041 2248 socius
1054 2194 1207 2250 confessarii

194 2267 329 2333 regularis
338 2271 446 2319 maneat
462 2268 490 2317 ln
507 2281 539 2320 ea
553 2267 710 2319 monasterii
728 2273 817 2333 parte,
833 2269 861 2318 in
875 2282 928 2334 qua
940 2268 1128 2320 Conlessorem
1143 2266 1206 2318 uide·
1248 2265 1249 2294 ³

193 2352 232 2401 re,
249 2345 276 2390 et
290 2339 325 2390 ab
340 2339 400 2404 ipsc
422 2338 507 2390 videri
529 2352 636 2404 semper
663 2339 757 2406 possit,
779 2340 843 2390 dum
860 2339 889 2390 in
903 2339 1073 2391 confessario
1097 2336 1206 2391 seculari

192 2409 300 2468 sufficit.
317 2410 340 2460 si
362 2409 457 2461 cellam
466 2409 623 2474 prenitentis
633 2413 755 2476 apertam
765 2412 864 2472 teneat,
878 2411 915 2461 ite
926 2416 957 2460 ut
966 2411 1029 2461 duae
1040 2409 1207 2462 comitatrices

191 2481 296 2546 possint
310 2481 399 2546 ipsum
413 2483 441 2531 et
463 2480 639 2546 poenitentem
655 2493 762 2546 semper
775 2482 876 2540 videre,
890 2495 944 2533 uon
954 2487 1046 2532 autem
1060 2482 1167 2541 audire;
1181 2483 1206 2528 ut

192 2552 341 2616 ingressus,
351 2551 404 2602 nisi
417 2565 450 2603 ex
463 2564 545 2603 eausa
558 2551 736 2613 necessitatis,
749 2551 808 2602 lieri
830 2567 977 2618 numquam
993 2553 1078 2618 possit
1090 2554 1118 2604 in
1130 2554 1203 2608 ιιοιιο,
1247 2583 1248 2608 ι

193 2625 220 2674 et
233 2621 323 2688 quide
338 2621 382 2673 die
396 2621 537 2687 ingressus
552 2625 664 2674 estante
677 2626 783 2673 noctem
796 2636 812 2673 a
826 2624 932 2674 duabus
951 2623 1118 2676 lionialibus
1135 2619 1203 2673 redu-

192 2695 269 2744 cetur
283 2692 318 2744 ad
328 2694 450 2758 januam,
476 2695 526 2744 etc.
556 2693 682 2744 Monialis
702 2706 765 2744 vero
784 2707 818 2744 ex
837 2694 1000 2745 monasterio
1015 2708 1127 2758 egressa
1142 2690 1202 2744 exci-

192 2763 291 2828 pienda
304 2769 347 2814 est
360 2777 374 2814 a
389 2764 571 2829 Confessaric,
582 2765 609 2815 et
622 2763 715 2829 probis
728 2761 876 2822 sororibus,
886 2765 929 2816 vel
942 2764 1155 2828 consanguineis
1167 2760 1202 2812 vel

192 2833 312 2886 honestis
325 2835 456 2886 matronis
470 2837 548 2886 caute
574 2833 609 2884 ad
637 2833 724 2885 locum
750 2834 913 2886 destinatum
939 2835 1108 2894 deducenda,
1126 2835 1203 2898 ibique

191 2906 368 2958 custodienda
381 2920 468 2973 usque
482 2907 517 2957 ad
530 2904 667 2957 reditum
660 2919 688 2955 m
702 2907 951 2956 monasterium-
920 2905 999 2970 -(2)
1014 2906 1074 2956 Bul.
1092 2901 1202 2958 Salutare
1246 2905 1247 2928 ι

190 2975 331 3028 Benedicti
346 2977 461 3029 XIV·
431 2977 511 3042 -(3)
525 2976 646 3027 Licentia
661 2976 830 3041 ingrediendi
845 2990 898 3028 uon
910 2975 991 3026 debet
1003 2989 1064 3028 esse
1078 2975 1201 3028 indefinita

191 3051 218 3099 et
233 3051 373 3112 perpetua,
388 3048 435 3100 sed
445 3047 561 3099 limitata
571 3051 597 3098 et
608 3047 781 3111 temporaria,
796 3047 824 3097 id
838 3051 880 3098 est
892 3047 926 3098 ud
941 3051 1005 3106 tres,
1020 3047 1063 3098 vel
1078 3061 1127 3099 sex
1138 3058 1200 3096 men·

190 3131 243 3178 ses,
257 3120 300 3170 vel
314 3120 396 3171 etiam
412 3119 447 3171 ad
462 3133 572 3178 annum,
600 3118 670 3168 sicut
692 3117 744 3170 lert
764 3118 888 3170 dioeeesis
909 3118 1086 3170 cousuetudo.
1109 3119 1139 3168 ln
1156 3115 1199 3166 (le-

189 3190 285 3240 nnensi
299 3191 410 3242 dioecesi
420 3189 521 3242 similes
539 3189 653 3241 licentiae
666 3189 780 3255 singulis
797 3190 875 3240 annis
894 3195 1067 3248 renovantur,
1086 3189 1198 3242 Pellizze·
1245 3239 1246 3260 χ

190 3261 247 3312 rius
258 3275 317 3327 cap.
332 3263 356 3320 5,
370 3276 396 3312 n.
416 3263 455 3314 lo.
472 3289 503 3299 -
516 3261 551 3326 (l)
569 3262 632 3325 Cap.
647 3261 669 3320 1,
686 3262 719 3312 de
735 3261 801 3311 Stat.
818 3261 902 3326 regul.
919 3261 946 3311 in
960 3261 975 3310 6
990 3278 997 3322 ;
1013 3265 1041 3312 et
1056 3261 1129 3313 Trid.
1143 3271 1197 3311 sess.
1245 3281 1246 3297 ι

189 3331 230 3396 25,
249 3347 272 3384 c
296 3333 320 3395 5,
342 3332 376 3384 de
399 3333 485 3398 regul.
505 3332 600 3395 Quoad
619 3333 775 3383 Monialium
798 3331 999 3383 confessarium
1021 3333 1081 3383 haec
1096 3330 1198 3383 breviter

189 3403 373 3456 observamus.
392 3404 538 3466 Quodlibet
559 3405 752 3456 monasterium
767 3402 847 3454 debet
862 3416 941 3454 suum
952 3403 1053 3454 babere
1073 3403 1197 3454 Comesse·

190 3473 261 3538 rium
275 3474 454 3534 ordinarium,
473 3474 522 3526 sed
532 3479 631 3539 praeter
645 3474 812 3526 ordinarium
826 3473 879 3538 bie,
894 3476 941 3524 aut
959 3476 1029 3526 ter'
1022 3489 1051 3525 ιιι
1065 3488 1118 3527 ann

190 3527 291 3598 rendus
304 3549 345 3597 est
357 3544 521 3597 monialibus
539 3545 726 3598 confessarius
742 3513 979 3598 extraordinarius.
1004 3545 1080 3598 Trid.
1091 3469 1245 3617 εεϊξέι

190 3630 213 3669 u.
230 3615 269 3678 tu,
283 3616 317 3670 de
330 3614 417 3682 regul
435 3615 535 3669 Bened.
555 3617 631 3682 XIV,
652 3617 686 3670 de
709 3616 808 3684 synod.
824 3615 843 3669 ι.
859 3615 897 3678 ts,
911 3630 935 3670 c.
952 3615 990 3683 lt,
1008 3631 1036 3672 u.
1051 3617 1089 3673 17.
1102 3525 1245 3670 cumin
