2490 4088
567 143 603 154 ..
620 115 656 170 44
676 139 707 162 .,

121 243 174 296 aut
199 235 414 312 Episcoporum
443 235 659 310 acceptatione,
688 239 739 294 aut
766 231 893 305 licentia,
920 231 983 292 sive
1011 233 1157 308 recogni-

122 324 203 386 tione
225 331 275 396 (3).
297 325 435 385 licclesiae
454 323 604 399 siquidem
624 321 798 399 Superiores
814 321 976 397 legitimam
990 322 1158 382 auctorita-

121 420 212 473 tema
226 413 340 473 Christo
360 419 430 472 lesu
452 413 534 488 leges
547 411 719 488 imponendi
742 416 967 486 consequuntur
981 415 1032 483 (1).
1057 416 1161 482 Quare
1243 423 1244 428 ’

124 503 281 562 violatores
300 501 374 577 legis
398 509 477 572 sunt,
499 502 550 577 qui
563 503 660 576 legem
679 501 897 576 promulgatam
910 516 972 559 non
990 499 1158 576 accipiunt,

123 591 232 668 quique
255 597 405 665 praetextu
424 587 715 664 non-acceptationis
739 588 875 647 eamdem
898 605 959 647 non
980 588 1159 663 observant,

124 679 224 739 ubido
238 677 407 754 Superioris
421 677 643 753 dispensatione
658 679 706 736 vel
719 693 870 736 consensu
884 693 944 735 non
967 677 1063 752 possit
1073 678 1161 753 justa
1243 729 1244 732 ,

126 765 192 842 capi
207 765 411 842 praesumptio.
430 765 541 824 ldcirec
557 765 582 824 si
596 767 646 825 lex
657 766 737 841 J'usta
751 764 789 824 de
802 781 892 824 eausa
904 765 989 824 bone.
1000 765 1162 825 communi
1243 815 1244 826 ,

49 849 51 860 '
126 874 185 916 non
201 862 360 930 congruat,
375 853 461 914 facile
477 861 522 914 est
538 853 703 914 remedium
715 853 889 913 recurrendi
905 853 942 912 ad
961 854 1161 928 Superiorem
1210 843 1213 855 '
1243 855 1244 860 ’

125 963 180 1022 pro
195 943 401 1020 suspensione,
414 949 464 1002 aut
477 941 664 1002 revocatione
685 942 768 1017 legis
791 958 851 1018 quo
872 941 992 1016 subditi,
1007 941 1160 1004 inviolato
1243 987 1244 1028 3

126 1032 311 1094 auctoritatis
338 1034 416 1107 jure,
444 1031 486 1090 uti
513 1037 638 1106 possunt
653 1031 740 1107 juxta
761 1029 954 1090 memorabile
979 1034 1160 1108 exemplum

37 1173 43 1182 .
126 1122 284 1183 Alexandri
316 1125 351 1180 lll
375 1120 590 1180 Ravennatensi
613 1119 843 1195 archiepiscopo
869 1120 910 1178 ita
934 1121 1157 1182 rescribentis:

130 1237 142 1266 tt
164 1211 192 1272 si
215 1211 334 1287 quando
356 1210 454 1285 aliqua
477 1217 535 1269 tuae
553 1209 727 1268 fraternitati
750 1209 915 1286 dirigimus
936 1227 1002 1284 quae
1018 1210 1160 1272 animum

129 1329 142 1354 u
164 1309 248 1360 tuum
259 1295 435 1374 exasperare
450 1298 615 1370 videantur,
632 1297 744 1357 turbari
759 1311 819 1356 non
834 1299 960 1358 debes..
976 1299 1161 1370 Qualitatem

130 1414 141 1441 t
162 1388 284 1464 negotii,
303 1406 358 1463 pro
377 1405 437 1462 quo
452 1387 505 1446 tibi
523 1387 669 1459 scribitur,
694 1386 849 1462 diligenter
872 1387 1077 1462 considerans,
1103 1396 1160 1449 aut

127 1505 140 1530 «
161 1477 333 1537 mandatum
355 1484 492 1536 nostrum
509 1483 682 1535 reverenter
704 1475 946 1550 adimplessent
967 1494 1022 1551 per
1038 1477 1159 1538 litteras

129 1593 153 1647 «-
163 1573 237 1638 tuae,
255 1582 346 1641 quare
361 1565 521 1640 adimplere
533 1581 593 1624 non
608 1564 715 1639 possis,
726 1564 932 1624 rationabilem
944 1583 1065 1626 causam
1076 1585 1159 1642 prae-
1243 1589 1244 1592 ¹

126 1681 141 1706 a
162 1655 275 1715 tendas.
299 1653 371 1724 Quia
388 1653 534 1728 patienter
551 1653 769 1724 sustinebimus,
795 1652 821 1710 si
843 1671 904 1712 non
926 1655 1044 1729 feceris,
1066 1657 1156 1732 quod

126 1770 140 1796 «
161 1761 252 1820 prava
267 1742 353 1802 nobis
366 1743 454 1802 luerit
467 1741 665 1802 insinuatione
690 1748 862 1818 suggestum
877 1747 917 1817 (5)
933 1770 947 1795 »
962 1761 974 1822 ·,
991 1751 1021 1804 et
1042 1744 1154 1805 similia
1243 1797 1244 1802 ,

128 1860 141 1884 «
161 1834 250 1892 habet
263 1831 440 1891 Benedictus
454 1837 512 1892 lllll
527 1837 537 1906 (
558 1836 578 1903 ).

159 2010 194 2076 (l)
210 2011 268 2062 Hoc
281 2010 411 2076 contingit
425 2008 531 2076 quando
548 2009 591 2060 lex
604 2007 663 2074 ipsa
677 2007 704 2057 id
719 2007 776 2058 lieri
786 2008 949 2074 prescribit,
962 2009 1003 2060 uti
1020 2012 1061 2060 est
1074 2023 1160 2062 casus

128 2083 155 2132 in
169 2097 228 2134 ean.
246 2083 285 2146 13,
306 2083 340 2133 de
357 2082 450 2146 poenit.
468 2086 495 2132 et
514 2079 607 2132 ramis.
626 2081 652 2129 et
670 2079 697 2130 in
712 2092 772 2143 cap.
787 2079 809 2142 I,
824 2079 897 2130 Sess.
914 2080 955 2142 tt,
974 2081 1079 2131 concilii
1097 2082 1160 2132 Tri·

129 2155 231 2205 deutini
246 2154 343 2205 derel.
363 2159 444 2204 matr.
469 2180 499 2188 -
515 2151 550 2215 (2)
568 2149 635 2202 Haee
648 2152 782 2223 sententia
794 2163 859 2201 vera
873 2153 914 2201 est
928 2171 934 2200 ι
950 2165 1013 2202 nom
1028 2153 1050 2202 si
1065 2153 1160 2218 agitur

128 2225 162 2276 de
181 2227 263 2276 rebus
283 2223 345 2276 fidei
362 2228 389 2274 et
403 2237 516 2284 morum,
532 2235 625 2272 ornnes
641 2221 769 2272 Doctores
792 2221 920 2285 letentur,
935 2236 969 2273 611
982 2226 1046 2274 tunc
1059 2223 1157 2274 Ponti·

128 2297 203 2347 116166
217 2295 421 2346 constitutiones
436 2293 565 2357 obligare,
588 2292 786 2358 cumprimum
808 2291 843 2342 ad
867 2291 1006 2344 hominum
1029 2294 1158 2346 notitiam

24 2427 28 2436 Ι
116 2380 297 2432 ¹quocumque
318 2365 396 2416 modo
417 2363 596 2428 pervenerint.
619 2362 651 2413 ld
665 2365 757 2428 aperte
782 2361 901 2414 declarat
924 2364 1058 2430 Tournaly
1072 2366 1158 2417 Prael.
1243 2421 1244 2424 ,

128 2439 210 2488 theol.
228 2437 262 2488 de
278 2438 332 2502 leg.
346 2451 408 2500 cap.
423 2438 447 2499 5,
458 2441 525 2486 sect.
543 2435 567 2496 l,
582 2439 608 2485 et
617 2433 777 2486 Cabasutius
790 2433 850 2485 dur,
861 2448 922 2486 can.
937 2435 1022 2488 theor.
1036 2441 1062 2488 et
1075 2450 1157 2501 prax.

128 2511 147 2561 1.
165 2511 186 2573 1,
205 2523 227 2560 c.
241 2508 265 2570 t,
280 2523 308 2558 n.
323 2509 347 2569 6,
362 2509 415 2558 duo
430 2505 548 2556 distincti
565 2506 706 2558 contrarie
721 2505 861 2557 sententiae
879 2509 1107 2572 propugnatores.
1126 2509 1158 2559 Si

126 2585 190 2630 vere
203 2580 292 2644 agitur
304 2578 338 2629 de
352 2577 457 2642 legibus
473 2576 704 2642 disciplinaribus,
721 2577 905 2640 observamus,
920 2579 1066 2630 solemnem
1083 2579 1158 2642 legis

128 2650 370 2717 promulgationem
385 2650 412 2698 in
431 2648 557 2699 omnibus
579 2648 723 2714 provinciis
739 2661 792 2698 non
808 2661 868 2700 esse
883 2647 916 2700 de
936 2651 1055 2700 essentia
1069 2649 1156 2714 legis;

129 2722 208 2772 aliter
221 2720 363 2772 dicendum
378 2721 447 2770 leret
463 2733 523 2771 esse
541 2721 623 2770 etiam
640 2719 673 2770 de
688 2720 805 2770 essentia
820 2719 888 2784 legis
904 2721 1051 2772 solemnem
1067 2720 1158 2786 ipsius

128 2791 371 2858 promulgationem
388 2790 421 2840 ad
435 2791 556 2855 singulos
570 2789 702 2841 homines.
718 2790 802 2841 Porro
812 2791 860 2856 jus
873 2791 995 2841 naturale
1010 2791 1043 2842 ab
1054 2791 1156 2843 adver-

129 2863 209 2914 sariis
221 2876 275 2913 non
293 2858 368 2912 reete
376 2861 524 2913 invocatum
540 2864 593 2910 stat
616 2861 705 2924 potius
717 2874 766 2925 pro
779 2861 830 2912 1166
843 2862 962 2913 secundo
975 2867 1157 2926 pertenuem

128 2947 177 3000 pro
192 2933 288 2996 prima,
303 2945 364 2996 quae
380 2937 421 2982 est
433 2945 537 2982 merum
551 2932 696 2996 positivum
711 2932 859 2996 inventum,
871 2932 912 2982 vel
927 2932 1051 2984 voluntas
1067 2933 1156 3000 irnpe-

128 3004 227 3054 ratoris
243 3003 399 3064 iustiniani,
415 3003 505 3068 quiin
526 3001 639 3052 Novella
656 3001 696 3060 66,
716 3001 843 3066 decrevit,
863 3016 946 3054 nevas
967 3004 1040 3068 leges
1059 3004 1155 3068 publi-

129 3073 229 3124 candas
243 3074 345 3126 6666111
360 3073 473 3138 singulis
493 3072 646 3137 provinciis.
666 3073 799 3124 1161611111
813 3077 918 3126 tautum
934 3073 968 3126 de
982 3075 1100 3126 essentia
1114 3077 1155 3130 16-

38 3165 41 3176 ·
128 3142 170 3206 gis
184 3148 215 3194 ut
228 3144 326 3210 populo
343 3148 510 3209 proponatur
524 3158 554 3195 eo
568 3143 656 3207 modo,
672 3157 724 3208 quo
738 3145 864 3209 mediate,
878 3145 920 3196 vel
938 3145 1101 3209 immediate,
1116 3148 1154 3198 si·

98 3210 103 3222 ¹
128 3214 194 3272 mul,
209 3215 252 3266 vel
267 3216 417 3266 successive
432 3215 460 3265 in
470 3217 590 3265 omnium
603 3214 727 3265 notitiam
741 3215 867 3273 devenire
884 3217 977 3282 possit.
995 3216 1087 3267 Posita
1104 3231 1154 3268 vo-

128 3285 232 3336 luntate
246 3285 408 3350 legislatoris
431 3301 494 3343 uno.
509 3285 552 3336 vel
568 3285 620 3336 alio
633 3286 711 3338 modo
726 3287 813 3351 legem
828 3287 1026 3352 promulgandi,
1041 3292 1068 3338 et
1081 3287 1155 3341 laeta

127 3355 351 3420 promulgatione,
366 3371 428 3408 num
438 3356 592 3407 mandatum
607 3357 794 3422 promulgandi
807 3371 860 3409 non
870 3357 979 3419 sufficit,
991 3371 1099 3422 semper
1111 3359 1151 3411 illi
1243 3361 1244 3392 ³

127 3429 234 3478 tantum
246 3427 372 3492 ligantur,
390 3431 436 3492 qui
451 3429 537 3493 legem
548 3433 706 3493 agnoscunt,
716 3442 770 3481 non
782 3428 832 3490 illi,
847 3430 893 3494 qui
903 3428 989 3494 legem
998 3442 1058 3481 6666
1072 3429 1151 3494 igno-

129 3500 200 3562 rant,
215 3503 246 3548 ut
265 3498 413 3552 declaravit
429 3499 603 3551 Innocentius
618 3498 641 3563 1,
660 3498 762 3552 11661.
786 3499 811 3559 1,
834 3499 897 3552 dist.
914 3500 962 3563 tt,
978 3503 1005 3552 et
1026 3503 1057 3552 ut
1082 3501 1151 3554 defi-
