2490 4088
469 129 613 186 ...51-

45 247 207 312 renunciare3
229 261 286 302 non
299 249 370 315 istis,
390 249 455 314 qula
470 249 573 304 bonum
586 249 727 318 publicum
748 251 907 316 respiciunt.
920 279 951 292 -
964 252 1000 318 (t)
1013 253 1054 306 De

45 321 73 372 ils
83 321 202 374 omnibus
214 335 241 373 v.
259 320 435 375 Rctffenstual
443 323 479 374 ad
492 323 541 376 lib.
554 325 579 376 5.
594 324 702 376 Deerat
716 323 762 375 tit.
778 323 819 388 ³3,
832 337 883 389 per
893 326 941 376 tot.

72 505 111 560 lt.
125 505 160 561 st
185 501 347 562 redeuntes
375 501 414 560 ad
439 501 625 576 Rescriptum
648 500 853 574 observamus,
874 501 969 560 bibus
983 518 1057 562 con-

45 593 111 648 sture
135 587 280 665 partibus,
302 605 412 666 nempe
437 589 619 664 narratione,
640 589 868 664 supplicatione,
883 601 914 650 et
934 592 1057 654 conclu·

46 677 129 750 sione,
144 695 274 764 quorum
286 679 393 755 prima,
412 685 443 739 et
459 679 592 739 secunda
606 694 661 754 per
674 678 895 753 impetrantem,
911 686 942 740 et
954 681 1058 741 ultima

45 783 88 840 per
101 767 315 828 rescribentem
327 765 458 844 ponittu.
479 773 553 828 Item
570 767 775 840 observamus,
791 767 978 844 Rescriptum
995 769 1057 830 vim

45 855 106 930 legis
118 855 253 917 obtinere
265 862 383 917 tanturn
393 857 471 918 inter
483 865 594 933 partes,
609 872 666 932 pro
681 856 788 932 quibus
799 857 855 916 luit
867 864 1056 934 conceptum,

47 960 96 1002 non
107 961 178 1004 vero
190 945 270 1005 inter
283 945 367 1018 alios,
391 945 448 1006 nisi
463 945 501 1005 sit
517 943 772 1021 comprehensum
784 945 815 1004 in
830 962 958 1021 corpore
969 946 1056 1022 iuris,

48 1039 87 1092 ant
110 1034 147 1093 sit
170 1034 275 1094 datum
292 1041 445 1111 umquam
464 1033 635 1095 authentica
656 1025 730 1110 legis
755 1033 973 1110 interpretatio,
997 1051 1057 1111 quo

49 1121 152 1196 quidem
165 1139 238 1182 casu
250 1123 325 1198 legis
339 1123 441 1184 locum
454 1123 577 1184 obtinet.

75 1215 114 1270 l3.
136 1211 361 1288 Rescriptorum
380 1211 529 1290 celebrior
552 1217 598 1271 est
619 1209 735 1284 divisio,
751 1228 810 1286 qua
827 1211 884 1270 alia
903 1212 1014 1287 pretim
1029 1218 1060 1272 et

51 1297 95 1356 alia
101 1299 222 1373 justitia
235 1299 376 1360 dicuntur
388 1317 465 1360 esse.
488 1299 641 1376 Rescripta
654 1299 761 1376 gratiae
768 1299 931 1376 respiciunt
942 1302 1060 1360 favores

51 1387 206 1448 alontiflce
217 1405 381 1448 concessos
392 1396 456 1449 tum
469 1391 562 1448 relate
575 1389 614 1448 ad
624 1389 781 1462 beneficia,
792 1396 855 1449 tum
869 1389 957 1449 etiam
968 1391 1061 1450 relate

52 1476 81 1534 ad
91 1477 216 1538 honores
229 1485 261 1538 et
274 1479 490 1554 exemptiones.
505 1478 660 1554 Rescripta
681 1496 754 1538 vero
767 1479 887 1553 justitiae
900 1478 1063 1554 respiciunt

52 1564 106 1624 lites
117 1565 192 1626 inter
206 1568 343 1628 subditos
356 1569 548 1642 dirimendas,
561 1575 597 1642 et
617 1567 725 1644 Judiois
748 1567 998 1641 constitutionem,
1011 1585 1061 1627 re-

53 1654 217 1716 stitutionem
230 1656 262 1716 in
274 1657 434 1733 integrum,
449 1658 566 1734 aliaque
581 1656 687 1716 similia
701 1657 958 1733 comprehendunt
972 1661 1024 1730 (l).

77 1802 107 1866 (l)
120 1803 187 1854 Sunt
197 1818 306 1870 quoque
321 1806 452 1872 rescripta
466 1805 560 1868 mixte,
576 1819 637 1872 quie
651 1806 731 1858 simul
744 1787 952 1870 participantes
965 1807 1061 1871 gratia,

54 1875 75 1921 et
82 1875 192 1937 justitia.
209 1875 287 1926 Talia
300 1890 332 1926 ex
346 1891 388 1941 gr.
402 1881 466 1928 sunt
480 1877 623 1942 rescripta,
639 1872 701 1942 qum
714 1877 869 1928 obtinentur
884 1892 900 1927 a
919 1878 1063 1942 Religiosis

55 1942 82 1992 td
92 1959 178 1996 eorum
191 1947 387 2010 professionem
397 1947 602 2000 rescindendam
613 1967 619 1996 e
631 1962 695 1999 nam
709 1949 737 1998 in
752 1949 985 2014 eorumprincipio
999 1963 1061 2000 con-

55 2015 126 2067 tinent
138 2018 268 2080 gratiam3
284 2017 332 2069 sed
346 2018 443 2070 deinde
459 2032 540 2071 causa
554 2020 678 2070 formalis
689 2020 871 2084 aggredienda
884 2024 934 2085 est,
950 2024 977 2071 at
994 2021 1061 2072 dell-

55 2086 125 2139 nitiva
134 2089 267 2142 sententia
276 2090 398 2154 serenda,
413 2091 485 2156 quod
499 2092 617 2156 pertinet
630 2091 820 2156 adjustitiam.

83 2269 121 2323 ll.
136 2266 290 2341 Rescripta
303 2265 504 2326 ecclesiastica
522 2267 619 2327 asolo
633 2267 785 2340 Pontifice,
805 2266 899 2342 quiin
914 2269 1001 2326 terris
1014 2283 1064 2326 su-

56 2352 189 2426 periorem
210 2371 273 2413 non
299 2356 399 2428 habet,
427 2360 555 2432 possunt
583 2355 717 2428 concedi,
738 2356 818 2431 quod
832 2373 871 2415 ex
884 2355 984 2415 verbis
1002 2356 1065 2431 jam

56 2441 154 2501 ltaditae
176 2443 358 2503 definitionis
386 2461 440 2503 sua
462 2449 569 2519 sponte
592 2443 656 2502 fluit
673 2448 725 2516 ll);
745 2451 775 2503 et
796 2448 923 2520 possunt
936 2443 1066 2502 vicissim

56 2529 167 2590 obtineri
183 2549 203 2590 a
221 2549 421 2608 quocumque,
442 2532 492 2608 qui
514 2549 576 2591 non
594 2532 675 2591 sitin
693 2534 761 2608 jure
777 2549 919 2608 expresse
933 2533 1065 2608 prohibi-

55 2622 104 2691 tus,
116 2620 181 2694 qnia
195 2619 226 2678 in
240 2621 297 2680 hac
315 2637 350 2680 re
368 2621 441 2680 illud
455 2621 633 2680 observatur
648 2625 810 2681 Doctorum
833 2623 953 2680 effatum
968 2641 974 2678 :
990 2625 1066 2680 Con-

56 2721 158 2769 cessum
183 2708 368 2784 intelligitur,
394 2709 475 2784 quod
500 2726 561 2768 non
590 2710 739 2784 reperitur
766 2727 909 2785 expresse
935 2709 1065 2785 prohibi·

55 2801 108 2856 tum
133 2803 178 2868 (Ξ),
201 2799 397 2859 Prohibentur
425 2805 526 2870 tamen
546 2799 687 2870 haeretici,
714 2798 764 2874 qui
777 2799 889 2874 indigni
907 2815 979 2858 sane
997 2806 1066 2859 sunt

55 2888 178 2948 Ecclesiae
191 2887 313 2960 auxilio,
333 2895 364 2948 et
383 2888 567 2960 defensione,
587 2905 656 2948 cnm
670 2887 700 2946 in
718 2888 812 2964 ipsam
823 2905 907 2948 arma
919 2895 1063 2948 vertunt:

55 2977 236 3048 probibentur
251 2977 384 3052 siruiliter
402 2977 654 3037 excommunicati
675 2977 983 3036 excommunicatione
1001 2994 1064 3036 ma·

52 3063 115 3138 iore,
129 3066 232 3126 tamin
255 3083 338 3139 casu,
361 3083 421 3142 quo
442 3066 712 3126 excommunicatio
728 3067 766 3126 sit
786 3065 916 3141 publica,
931 3083 1021 3142 quam
1035 3065 1065 3124 in

55 3169 124 3229 casu,
145 3173 206 3232 quo
224 3155 263 3214 sit
289 3155 422 3227 occulta;
444 3155 572 3230 quiade
598 3156 678 3214 facto
697 3156 759 3230 jam
784 3155 905 3214 suntab
928 3154 1066 3214 Ecclesiae

55 3258 167 3320 corpore
190 3244 295 3304 avulsi.
319 3248 416 3316 Quare
444 3261 482 3304 ne
498 3250 623 3320 propter
648 3243 985 3304 excommunicationem
1010 3250 1066 3305 Re-

55 3332 185 3410 scriptum
191 3333 369 3406 vitietur,ex
377 3334 455 3407 stylo
466 3331 559 3392 Guriae
570 3338 703 3392 oratores
711 3333 749 3392 ab
759 3332 1067 3394 excommunicatione

55 3423 124 3494 prius
135 3425 334 3492 absolvuntur
345 3423 383 3482 ad
392 3423 531 3481 effectum
545 3421 702 3481 dumtaxat
713 3421 838 3496 gratiam
854 3423 1066 3496 consequendi,

54 3517 79 3576 u
89 3514 178 3574 moris
186 3519 235 3576 est
247 3511 414 3596 praesertim
427 3511 457 3571 in
466 3510 619 3588 rescriptis
631 3509 859 3587 dispensationis
871 3509 1066 3574 cirea-metn-
