2468 4090
632 173 793 230 -i80-

205 297 340 366 Episcopi,
354 309 437 366 quam
449 297 541 348 tamen
553 293 653 348 debent
668 294 707 346 iili
720 299 857 360 expetere,
873 297 900 346 et
915 293 959 345 hic
978 295 1134 360 concedere,
1150 295 1174 346 si
1186 309 1226 347 ve-

205 371 347 494 laisnttegra
368 367 510 420 dioecesim
529 366 678 433 proticisci.
696 365 859 418 Benedictus
876 365 952 429 XIV,
975 365 1020 416 cit.
1039 367 1106 418 inst.
1131 367 1185 429 107,
1202 382 1225 418 u.

245 611 309 670 tit.
329 605 467 684 sequitur
480 624 521 668 ex
533 605 651 680 eodem,
666 604 829 666 canonicos
842 605 981 666 absentes
993 603 1086 664 esuis
1101 604 1227 664 ecclesiis

206 699 285 760 ulna
297 695 475 774 pisticum
488 702 606 773 tempus
619 694 716 772 primo
730 712 811 755 anno
823 694 959 754 amittere
971 693 1164 753 medietatem
1173 694 1227 751 tm-

206 793 311 848 ctnum
326 785 556 864 prebendarum
571 801 693 844 suarum
707 783 747 868 ad
763 789 858 844 ratam
877 781 1035 854 mensium,
1054 781 1164 857 quihus
1181 781 1227 839 ab·

209 875 341 948 dierunt,
363 891 403 935 ex
416 878 446 935 s
471 871 714 950 congregationis
725 871 875 938 decisione
892 867 981 930 citata
994 887 1012 928 a
1026 873 1225 944 inconsueti),

205 964 277 1026 item
289 964 429 1024 meones
441 962 577 1022 secundo
594 978 674 1022 anno
688 961 824 1021 amittere
843 975 949 1020 omnes
967 959 1102 1030 fructus;
1120 963 1151 1017 et
1162 955 1228 1015 sirni-

195 1038 274 1114 ‘liter
286 1051 375 1113 tertio
388 1067 470 1112 anno
482 1049 621 1110 absentes
635 1065 725 1126 posse
738 1047 875 1110 beneficii
891 1046 975 1106 titulo
997 1044 1109 1122 privari
1123 1045 1160 1104 ad
1180 1045 1227 1102 ior·

207 1157 289 1202 mam
299 1139 375 1218 juris
389 1145 459 1200 ante
472 1137 675 1198 Tridentinum
685 1135 837 1196 constituti
851 1141 902 1209 (Ξ).
916 1139 959 1194 Ex
970 1136 1039 1210 jnre
1052 1143 1153 1194 autern
1167 1140 1226 1192 ante

205 1229 409 1292 Tridentinum
420 1225 583 1287 constituto
604 1231 710 1285 contra
729 1223 839 1300 injuste
857 1225 997 1283 absentes
1010 1229 1111 1298 potest
1125 1221 1225 1297 episcc

205 1335 263 1398 pus
276 1333 331 1394 per
345 1313 561 1392 suspensionis,
575 1320 627 1374 eut
640 1313 959 1373 excommunicationis
976 1312 1156 1373 sententiam
1169 1327 1225 1386 prc-

205 1407 334 1480 cedere;
349 1421 409 1482 qua
422 1401 448 1463 si
461 1409 591 1480 nequeat
604 1417 710 1462 eorum
724 1400 866 1460 maiitiam
880 1399 1014 1473 emoiire,
1031 1400 1121 1460 debet
1131 1417 1182 1460 eos
1194 1399 1224 1456 ci·

205 1504 279 1568 tare,
294 1501 328 1554 ut
341 1493 398 1554 sub
411 1507 503 1568 poena
517 1489 691 1568 privationis
711 1489 849 1550 beneficii
866 1489 944 1548 intre
967 1496 1087 1564 tempus
1110 1489 1149 1548 ab
1169 1488 1223 1562 ipso

206 1590 350 1646 statutum
364 1581 403 1642 ad
416 1579 608 1652 residendum
630 1584 831 1651 revertantur,
853 1577 879 1638 si
898 1580 983 1638 locus
996 1585 1186 1652 agnoscatur,
1200 1577 1222 1634 in

206 1690 266 1751 quo
279 1671 389 1732 absens
408 1675 559 1740 moratum
583 1665 609 1726 si
633 1683 706 1726 vero
728 1666 892 1746 ignoretur,
911 1673 957 1726 ter
970 1666 1061 1726 debet
1074 1667 1223 1744 episcopus

205 1762 360 1822 absentem
374 1774 429 1836 per
441 1756 573 1818 edictum
587 1755 693 1827 citar03
711 1761 742 1814 et
755 1754 780 1814 si
793 1761 861 1831 post
879 1771 933 1814 sex
946 1771 1069 1815 menses
1081 1756 1120 1815 ab
1133 1755 1222 1815 ultima

206 1843 346 1912 citatione
365 1864 427 1907 non
449 1852 631 1922 compareat,
653 1845 701 1904 vel
725 1850 900 1921 compareat
922 1845 1053 1920 quidem,
1079 1845 1134 1905 sed
1159 1845 1222 1904 resi-

206 1940 279 2000 dere
293 1936 401 2014 injuste
415 1939 596 2008 contemnat,
611 1937 711 2008 potest
722 1931 805 1992 iilum
818 1931 964 1992 beneficio
976 1933 1096 2008 privare
1110 1941 1122 2008 (
1141 1939 1162 2008 ).

220 2021 317 2088 'iiiuc
329 2022 531 2086 'tridentinum
553 2037 624 2082 cum
642 2021 711 2097 jnre
733 2021 855 2098 antiquo
875 2022 1097 2083 concordantes
1110 2024 1223 2083 adnota-

206 2131 285 2189 mus,
304 2112 479 2191 episcopum
498 2114 604 2170 contra
624 2108 780 2168 absentem
795 2108 898 2184 primis
912 2110 1030 2171 duobus
1043 2112 1132 2172 annis
1147 2128 1223 2188 posse

206 2203 372 2283 procedere
399 2199 500 2260 dendo
523 2195 752 2274 suspensionem
780 2197 819 2257 ed
844 2198 971 2258 formem
997 2199 1075 2276 juris
1101 2200 1220 2276 andqn,

206 2291 323 2355 etiamsi
336 2291 375 2352 ed
388 2289 516 2350 formam
538 2283 699 2346 Tridentini
717 2285 781 2361 jam
802 2284 948 2362 inceperit
969 2289 1147 2365 procedere,
1165 2288 1222 2365 quia

206 2382 238 2442 in
250 2376 395 2457 decimis
408 2374 522 2453 antiqui
534 2391 634 2452 pcenae
649 2391 712 2434 ncn
723 2375 841 2434 fuerunt
856 2392 912 2452 per
921 2375 1021 2452 ipsum
1032 2378 1221 2439 Tridentinun

207 2469 348 2541 sublatae3
363 2466 411 2527 vel
429 2481 520 2542 posse
533 2461 700 2539 procedere
722 2463 761 2522 ed
773 2463 901 2524 formam
924 2465 1060 2540 ejusdem
1074 2464 1220 2528 Tridentini

207 2558 364 2618 dumtaxat
376 2553 414 2613 ad
427 2554 578 2612 fructuum
589 2549 796 2626 privationem.
816 2552 874 2612 sed
894 2553 1001 2613 eodem
1025 2560 1161 2632 tempore
1177 2554 1219 2614 ad·

206 2653 357 2719 notamus,
372 2641 547 2720 episcopum
562 2655 622 2699 non
643 2655 734 2714 posse
758 2639 900 2701 devenire
913 2643 951 2702 ad
964 2641 1162 2718 privationem
1178 2645 1233 2706 heu

206 2733 316 2810 neficii,
331 2731 388 2796 nisi
402 2737 471 2808 post
488 2728 651 2790 triennium
666 2728 820 2806 absentiae,
836 2735 909 2807 post
918 2731 1057 2807 superius
1070 2733 1233 2802 insinuatus,

206 2823 373 2896 citationes,
388 2826 439 2880 aut
454 2818 561 2893 edicta,
584 2825 614 2877 et
628 2823 696 2892 post
710 2819 826 2894 lapsum
844 2836 900 2879 sex
914 2821 1062 2882 mensium
1082 2823 1120 2882 ab
1132 2803 1233 2888 ultima}

206 2913 358 2986 citatione,
373 2916 424 2971 aut
438 2908 548 2984 edicto,
562 2906 630 2984 quia
644 2907 674 2966 in
691 2907 750 2968 hoc
760 2908 809 2985 jus
821 2909 954 2971 anterius
967 2928 985 2971 a
998 2911 1167 2975 Tridentino
1177 2911 1218 2972 fuit
1232 2889 1233 2917 ¹

207 3008 378 3066 correctum
392 3001 446 3077 (t).

239 3133 318 3200 ti)1n
331 3145 392 3198 cap.
406 3143 439 3183 ec
454 3131 506 3183 tue
520 3126 554 3180 de
567 3127 632 3180 cler.
646 3141 700 3178 non
716 3126 797 3179 resid.
811 3142 838 3181 n.
855 3129 892 3180 15.
907 3155 940 3169 -
950 3127 986 3196 (2)
1000 3129 1091 3198 Ratio,
1104 3131 1139 3185 ob
1153 3144 1218 3200 quan

208 3205 295 3272 primo
308 3217 379 3255 anno
396 3200 506 3254 amissio
524 3199 554 3250 fit
566 3202 672 3250 tantum
689 3197 724 3250 ad
738 3203 825 3249 ratam
837 3201 946 3266 injuste
962 3203 1100 3269 absentie,
1114 3220 1173 3257 eum
1184 3217 1216 3256 se-

208 3275 297 3329 cundo
308 3274 355 3326 flat
368 3272 493 3325 absolute
506 3270 596 3337 quoad
609 3283 703 3320 omnes
717 3269 946 3335 tractassemus
959 3274 1021 3338 quis
1034 3291 1082 3342 pro
1096 3282 1171 3342 parte
1183 3288 1218 3327 en·

207 3349 238 3400 ni
248 3346 382 3400 extitisset
393 3355 524 3410 presens,
539 3341 598 3392 haec
611 3353 671 3392 esse
684 3340 801 3400 videtur,
817 3343 881 3407 quia
893 3344 982 3410 prima
994 3346 1053 3398 vice
1067 3343 1216 3414 delinquenti

207 3419 295 3484 magis
308 3416 484 3482 parcendum,
496 3427 556 3464 eum
570 3412 598 3462 in
612 3411 709 3464 delicto
724 3415 908 3477 perseveranti
922 3419 1217 3485 poenesitaugenuu.-

209 3489 245 3554 (i)
259 3490 326 3554 Cap.
342 3489 367 3553 8,
382 3489 408 3538 ii
423 3490 451 3538 et
464 3486 504 3548 17,
514 3483 550 3534 de
562 3483 627 3534 cler.
641 3496 696 3534 non
711 3483 793 3534 resid.
806 3511 838 3524 -
851 3486 886 3550 (3)
900 3486 942 3537 Itu
954 3487 1122 3542 demonstrat
1134 3505 1169 3541 ex
1181 3491 1215 3541 da·

208 3559 359 3615 cisionibuo
372 3559 400 3613 S.
412 3553 633 3624 congregationis
646 3554 809 3610 Benedictus
822 3557 897 3612 xlv.
911 3557 978 3612 inst.
998 3559 1050 3627 107,
1068 3577 1095 3614 n.
1109 3561 1140 3615 st
1154 3565 1179 3618 et
1187 3560 1214 3612 ct.
1231 3551 1232 3616 i
