2566 4102
614 87 756 149 ..20-

174 209 229 270 sed
238 228 246 270 ε
256 226 382 288 reanum
395 227 497 271 mcum
509 227 571 271 noa
584 219 626 273 est
639 212 708 272 hinc
720 216 790 288 (tl).
805 211 848 273 lld
860 213 1025 274 secundum
1036 215 1205 289 responde·
1259 207 1260 238 ³

172 315 250 374 mus,
265 299 375 375 duplici
388 299 479 360 modo
493 299 693 377 objectionem
705 302 814 361 factam
830 301 954 378 intelligi
973 319 1073 378 posse,
1094 310 1206 378 quate·
1259 307 1260 388 i

173 405 230 448 nus
244 386 384 448 nimirum
397 393 490 448 status
510 396 556 449 est
572 389 603 448 in
626 389 766 464 Ecclesia,
780 391 828 450 vel
849 398 996 467 quatenus
1009 391 1141 451 Ecclesia
1159 399 1205 452 est
1259 419 1260 462 ῃ

172 477 204 537 in
219 483 306 537 statu.
320 476 419 538 Primo
433 477 524 538 mado
538 476 687 540 intellecta
699 485 805 539 contra
816 486 1000 555 assumptum
1013 487 1205 554 nostramet

173 573 278 626 contra
290 566 437 626 rationem
450 566 533 626 mihil
547 567 679 628 continet
691 585 699 641 ;
717 585 788 628 nam
802 584 907 628 verum
921 577 967 628 est
977 573 1203 646 quemcumque
1259 575 1260 632 l

172 660 292 730 statum,
307 656 356 715 vel
367 671 493 731 regnum
506 655 537 715 in
549 656 679 716 Ecclesia
691 673 758 717 esse
772 657 893 730 debere,
907 664 968 717 tum
981 657 1051 733 quia
1065 657 1203 718 admun·

171 744 244 804 dum
257 744 431 804 universum
444 744 613 806 extenditur
623 745 764 820 Ecclesia,
781 753 843 807 tum
856 747 924 821 quia
938 746 1037 812 omnis
1052 748 1146 808 homo
1172 754 1204 808 et

171 833 355 910 principatus
369 833 534 894 catholicus
548 850 615 895 esse
628 834 726 907 debet,
753 835 778 894 si
800 835 891 895 finem
905 834 1073 908 creationis,
1094 837 1146 897 vel
1160 837 1205 896 iu·

170 921 331 984 stitutionis
344 939 406 982 suaa
418 921 489 982 velit
503 922 647 983 obtinere.
660 924 759 984 altero
773 925 865 983 modo
881 923 1029 983 intellecta
1043 925 1118 984 lalsa
1131 941 1202 984 ma·

170 1011 276 1072 nileste
290 1017 414 1086 apparet
431 1027 521 1071 :nam
534 1010 673 1072 Ecclesiae
687 1013 831 1083 membra,
848 1019 879 1073 el
897 1011 1023 1072 ministri
1037 1018 1108 1072 sunt
1130 1015 1204 1090 qui·
1259 1011 1260 1042 ³

170 1099 240 1159 dem
256 1099 287 1158 iu
301 1105 390 1173 statu,
405 1099 663 1175 quiahominesct
679 1099 760 1160 cives
780 1105 867 1174 sunt;
890 1100 954 1176 ipsa
971 1118 1043 1162 vero
1062 1103 1204 1164 Ecclesia

170 1195 287 1249 nonest
300 1189 338 1249 de
351 1194 439 1262 statu,
455 1204 554 1266 neque
568 1188 599 1248 iu
610 1195 699 1263 statu,
714 1189 784 1264 qnia
803 1189 841 1250 de
858 1192 936 1250 coelo
949 1197 1005 1264 est,
1025 1196 1056 1250 et
1075 1189 1107 1250 in
1130 1208 1204 1253 eam

169 1277 353 1354 principatus
380 1279 539 1338 saeculares
564 1279 674 1338 niallam
701 1278 812 1338 habent
836 1285 1022 1354 potestatem.
1043 1279 1099 1338 Sed
1123 1279 1200 1341 dato
1259 1315 1260 1320 κ

168 1367 268 1440 etiam,
283 1371 313 1427 et
327 1383 386 1425 uon
401 1382 557 1437 concesso,
570 1365 730 1426 Ecclesiam
740 1383 807 1426 esse
821 1365 852 1426 in
863 1373 952 1440 statu,
966 1367 1119 1442 continget
1128 1367 1203 1429 ideo
1259 1401 1260 1440 5

169 1455 290 1532 aliquod
304 1455 486 1514 absurdum?
499 1453 614 1514 lliuime
628 1474 635 1514 :
648 1471 718 1514 nam
731 1456 820 1531 louge
833 1454 932 1516 differt
945 1462 1040 1515 status
1055 1456 1203 1518 Ecclesiae

169 1551 278 1604 astatu
294 1542 387 1604 civilis
403 1542 586 1618 principatus
610 1563 617 1602 :
639 1561 732 1619 porro
752 1543 801 1604 ille
825 1545 1059 1620 supernaturalis
1075 1551 1121 1605 est
1140 1563 1202 1622 pro

168 1633 259 1694 rebus
273 1631 406 1691 sacriset
418 1630 539 1704 divinis,
555 1631 611 1692 iste
629 1632 772 1692 naturalis
792 1649 848 1708 pro
870 1634 959 1692 rebus
981 1635 1202 1710 temporalibus
1259 1641 1260 1704 l

169 1727 198 1782 et
213 1720 338 1780 terrenis
352 1738 358 1778 ε
371 1720 419 1779 ille
433 1720 525 1780 utitur
536 1719 641 1780 mediis
655 1720 856 1796 spiritualibus
868 1739 875 1794 ς
892 1721 949 1782 iste
968 1722 1074 1782 mediis
1085 1739 1202 1800 corpo-
1259 1719 1260 1780 ζ

169 1811 294 1872 ralibus:
310 1809 360 1869 ille
377 1809 503 1869 intendit
526 1816 669 1869 aeteruam
686 1810 856 1870 felicitatem
878 1811 908 1870 in
924 1809 1024 1884 coelis;
1039 1810 1095 1871 iste
1111 1818 1201 1870 trau·
1259 1803 1260 1862 ἶ

169 1899 344 1976 quillitatem
357 1909 387 1958 et
400 1899 627 1974 prosperitatem
638 1899 669 1957 in
684 1899 781 1959 terris.
804 1904 868 1959 lluo
886 1916 958 1976 ergo
977 1905 1072 1958 status
1091 1901 1200 1960 Eccle-
1259 1903 1260 1908 ’

168 1990 220 2049 siae
236 1994 266 2048 et
278 1987 463 2063 principatus
477 1987 628 2047 saecularis
650 1994 719 2048 sunt
739 1987 849 2048 diversi
868 1988 996 2064 generis,
1018 1995 1048 2048 et
1069 1994 1202 2064 uterque
1259 2001 1260 2004 ’

168 2078 258 2138 habet
272 2076 425 2153 propriam
439 2075 565 2135 actionis
580 2075 775 2152 provinciam,
793 2093 882 2152 quam
905 2077 1053 2137 excedere
1071 2094 1132 2136 nou
1148 2079 1202 2138 de
1259 2071 1260 2138 ]

167 2168 219 2228 bet
231 2171 300 2239 llil.
316 2165 361 2226 Nil
374 2171 595 2242 cousequenter
618 2171 664 2224 est
684 2164 792 2224 rationi
806 2165 988 2226 contrarium
1001 2165 1031 2224 in
1046 2183 1092 2238 eo,
1113 2170 1200 2242 quod
1259 2173 1260 2226 J

168 2255 301 2318 Ecclesia
312 2255 350 2315 sit
363 2253 393 2313 in
406 2260 494 2326 statu,
510 2255 558 2314 vel
571 2270 666 2329 reguo
684 2255 848 2329 temporali,
869 2254 960 2314 modo
985 2255 1044 2314 hoc
1059 2253 1100 2314 illi
1124 2262 1201 2318 tam-

169 2362 260 2422 quam
274 2343 422 2417 nobiliori,
441 2343 531 2403 salvis
550 2341 613 2402 suis
622 2342 749 2418 iuribus,
762 2343 983 2404 subordinetur.

199 2475 583 2546 (linostima-(aloen.
608 2479 634 2530 5.
653 2477 822 2544 —(3)Joan.
843 2477 1200 2544 20.-(l)Mattl1.1a.-
1259 2473 1260 2508 3

167 2553 203 2618 (5)
215 2552 293 2604 Joan.
309 2551 349 2602 21.
363 2579 394 2588 -
407 2549 441 2615 (6)
457 2550 540 2601 Marc.
561 2548 599 2600 lo.
613 2575 643 2587 -
665 2549 700 2614 (l)
714 2549 807 2601 Matth.
821 2551 861 2602 28.
881 2577 909 2590 -
925 2551 956 2613 (8)
974 2550 1044 2601 Hinc
1058 2551 1200 2606 manifesti
1259 2583 1260 2586 =

168 2625 268 2676 erroris
294 2623 394 2674 inlecta
411 2621 501 2687 palam
520 2620 550 2670 lit
565 2633 681 2685 sequens
704 2620 848 2688 impiorum
869 2622 1016 2688 propositio
1037 2623 1200 2685 nuperrime

168 2695 311 2746 damnata:
338 2691 469 2745 Doctrina
487 2692 707 2756 comparantium
730 2689 880 2744 Romanum
898 2692 1052 2758 Pontificem
1070 2692 1201 2759 Principi
1259 2735 1260 2738 ¹

166 2765 258 2826 libero,
277 2767 302 2817 et
313 2763 404 2830 acenti
426 2762 600 2816 incalceato
617 2762 733 2825 ecclesia,
753 2762 876 2815 doctrina
899 2766 945 2822 cst,
963 2777 1020 2829 qua
1033 2762 1123 2815 madio
1140 2778 1201 2818 eoo

166 2835 323 2902 prenotata
343 2835 446 2900 syllal).
465 2849 542 2899 prop.
564 2833 603 2884 34.
618 2861 649 2870 -
664 2833 699 2898 (9)
715 2833 794 2886 ioan.
811 2835 847 2884 18.
860 2862 892 2871 -
905 2835 955 2900 (110)
966 2834 1043 2886 Joan.
1058 2835 1082 2884 6.
1099 2861 1130 2870 -
1145 2836 1203 2902 (11)
1259 2877 1260 2880 ,

167 2909 195 2960 Β.
209 2907 377 2972 Augustinus
392 2907 418 2957 in
432 2909 510 2959 tract.
525 2907 578 2967 115,
599 2905 628 2955 iu
640 2904 717 2956 Joan.
740 2932 771 2942 -
789 2904 840 2970 (l‘l)
861 2906 927 2956 Duae
947 2919 1082 2970 supremae
1099 2908 1202 2958 mundi
1259 2939 1260 2976 ,

166 2985 314 3048 potestates
326 2977 426 3029 dehent
437 2977 606 3028 concorditer
618 2974 763 3040 procedere
778 2977 812 3027 ad
823 2977 974 3027 societatem
988 2976 1038 3028 rite
1048 2991 1096 3042 pra
1112 2979 1200 3042 spiri·

167 3051 244 3114 tuali‚
268 3055 294 3101 et
314 3048 457 3113 temporali
479 3049 551 3098 burro
576 3047 718 3110 regendam
734 3067 740 3097 ι
756 3049 849 3112 Neque
866 3048 987 3098 Ecclesia
1014 3053 1126 3110 astatu,
1150 3053 1202 3101 eut
1259 3049 1260 3104 i

168 3127 254 3173 status
279 3121 313 3172 ab
328 3119 449 3170 Ecclesia
471 3118 593 3183 separari
616 3121 715 3182 potest,
739 3117 814 3169 salva
833 3117 975 3169 Societatis
1000 3119 1199 3186 incolumitate,
1259 3107 1260 3158 1

167 3193 232 3258 quie
245 3193 337 3257 religio
355 3194 397 3243 est
409 3190 493 3241 veluti
512 3190 613 3253 anima,
628 3194 656 3240 et
678 3192 765 3240 status
779 3203 877 3256 corpus
901 3190 1050 3241 societatis.
1074 3191 1199 3256 Coujun-
1259 3207 1260 3266 ᾗ

167 3263 281 3316 ctionem
295 3263 392 3314 animae
403 3275 463 3312 cum
477 3272 587 3323 corpore
600 3261 781 3312 necessariam
792 3261 856 3312 lecit
868 3261 927 3326 ipsa
938 3275 1033 3313 manus
1043 3261 1197 3326 Creatoris3
1259 3279 1260 3322 j

167 3335 379 3399 conjunctionem
395 3346 458 3384 vero
478 3331 616 3396 religionis
636 3345 697 3382 curu
714 3335 787 3382 statu
802 3331 911 3397 reliquit
925 3333 1006 3389 Deus,
1029 3335 1058 3383 ut
1074 3332 1201 3386 facerent
1259 3375 1260 3398 2

167 3405 297 3456 homines.
323 3405 411 3467 Quare
430 3405 522 3454 notata
539 3403 589 3453 luit
612 3416 728 3468 sequens
750 3403 911 3468 propositio:
937 3401 1088 3456 Ecclesiae
1109 3407 1200 3473 statu,

167 3479 302 3543 statusque
314 3473 469 3528 attrectata
480 3473 657 3540 sejaapeadas
670 3476 716 3527 cst.
728 3475 830 3540 Syllab.
842 3489 918 3541 prop.
934 3475 973 3528 55.
1259 3475 1260 3490 ³
