<?xml version="1.0" encoding="UTF-8"?>
<!DOCTYPE html PUBLIC "-//W3C//DTD XHTML 1.0 Transitional//EN"
    "http://www.w3.org/TR/xhtml1/DTD/xhtml1-transitional.dtd">
<html xmlns="http://www.w3.org/1999/xhtml" xml:lang="en" lang="en">
 <head>
  <title>
</title>
<meta http-equiv="Content-Type" content="text/html;charset=utf-8" />
  <meta name='ocr-system' content='tesseract 3.04.00' />
  <meta name='ocr-capabilities' content='ocr_page ocr_carea ocr_par ocr_line ocrx_word'/>
</head>
<body>
  <div class='ocr_page' id='page_1' title='image "./summainstitutio00ferrgoog_0317.png"; bbox 0 0 2546 4082; ppageno 0'>
   <div class='ocr_carea' id='block_1_1' title="bbox 148 299 1220 3129">
    <p class='ocr_par' dir='ltr' id='par_1_1' title="bbox 217 299 1217 554">
     <span class='ocr_line' id='line_1_1' title="bbox 219 299 1217 376; baseline -0.005 -15"><span class='ocrx_word' id='word_1_1' title='bbox 219 303 248 361; x_wconf 90' lang='lat' dir='ltr'>S.</span> <span class='ocrx_word' id='word_1_2' title='bbox 263 300 339 360; x_wconf 86' lang='lat' dir='ltr'>sede</span> <span class='ocrx_word' id='word_1_3' title='bbox 349 299 525 376; x_wconf 86' lang='lat' dir='ltr'>probantur,</span> <span class='ocrx_word' id='word_1_4' title='bbox 545 302 599 360; x_wconf 92' lang='lat' dir='ltr'>sed</span> <span class='ocrx_word' id='word_1_5' title='bbox 612 305 643 360; x_wconf 89' lang='lat' dir='ltr'>et</span> <span class='ocrx_word' id='word_1_6' title='bbox 656 313 847 376; x_wconf 87' lang='lat' dir='ltr'>summopere</span> <span class='ocrx_word' id='word_1_7' title='bbox 859 299 890 358; x_wconf 92' lang='lat' dir='ltr'>in</span> <span class='ocrx_word' id='word_1_8' title='bbox 903 314 1015 374; x_wconf 83' lang='lat' dir='ltr'>genere</span> <span class='ocrx_word' id='word_1_9' title='bbox 1028 299 1217 360; x_wconf 86' lang='lat' dir='ltr'>commendau-</span> 
     </span>
     <span class='ocr_line' id='line_1_2' title="bbox 218 387 1217 466; baseline -0.002 -18"><span class='ocrx_word' id='word_1_10' title='bbox 218 393 277 464; x_wconf 91' lang='lat' dir='ltr'>tur,</span> <span class='ocrx_word' id='word_1_11' title='bbox 292 387 450 464; x_wconf 76' lang='lat' dir='ltr'>mumque</span> <span class='ocrx_word' id='word_1_12' title='bbox 463 388 724 465; x_wconf 76' lang='lat' dir='ltr'>indulgentiarum,</span> <span class='ocrx_word' id='word_1_13' title='bbox 749 396 779 449; x_wconf 87' lang='lat' dir='ltr'>et</span> <span class='ocrx_word' id='word_1_14' title='bbox 801 387 1025 466; x_wconf 85' lang='lat' dir='ltr'>privilegiorum</span> <span class='ocrx_word' id='word_1_15' title='bbox 1039 387 1217 447; x_wconf 88' lang='lat' dir='ltr'>concessioni-</span> 
     </span>
     <span class='ocr_line' id='line_1_3' title="bbox 217 477 646 554; baseline 0.002 -18"><span class='ocrx_word' id='word_1_16' title='bbox 217 477 318 537; x_wconf 89' lang='lat' dir='ltr'>busin</span> <span class='ocrx_word' id='word_1_17' title='bbox 332 477 432 554; x_wconf 87' lang='lat' dir='ltr'>specie</span> <span class='ocrx_word' id='word_1_18' title='bbox 446 477 579 538; x_wconf 85' lang='lat' dir='ltr'>ditantur</span> <span class='ocrx_word' id='word_1_19' title='bbox 593 483 603 548; x_wconf 95' lang='lat'>(</span> <span class='ocrx_word' id='word_1_20' title='bbox 625 481 646 548; x_wconf 87' lang='lat'>).</span> 
     </span>
    </p>

    <p class='ocr_par' dir='ltr' id='par_1_2' title="bbox 148 566 1220 2064">
     <span class='ocr_line' id='line_1_4' title="bbox 252 566 1218 644; baseline -0.003 -17"><span class='ocrx_word' id='word_1_21' title='bbox 252 571 380 627; x_wconf 87' lang='lat' dir='ltr'>Possunt</span> <span class='ocrx_word' id='word_1_22' title='bbox 389 566 648 644; x_wconf 79' lang='lat' dir='ltr'>confraternitates</span> <span class='ocrx_word' id='word_1_23' title='bbox 659 566 748 626; x_wconf 89' lang='lat' dir='ltr'>dividi</span> <span class='ocrx_word' id='word_1_24' title='bbox 759 567 790 625; x_wconf 93' lang='lat' dir='ltr'>in</span> <span class='ocrx_word' id='word_1_25' title='bbox 802 566 1008 626; x_wconf 80' lang='lat' dir='ltr'>ecclesiastices</span> <span class='ocrx_word' id='word_1_26' title='bbox 1027 573 1056 626; x_wconf 92' lang='lat' dir='ltr'>et</span> <span class='ocrx_word' id='word_1_27' title='bbox 1074 567 1218 639; x_wconf 72' lang='lat' dir='ltr'>scrutares,</span> 
     </span>
     <span class='ocr_line' id='line_1_5' title="bbox 217 653 1219 731; baseline -0.004 -15"><span class='ocrx_word' id='word_1_28' title='bbox 217 655 280 716; x_wconf 89' lang='lat' dir='ltr'>sive</span> <span class='ocrx_word' id='word_1_29' title='bbox 295 656 422 716; x_wconf 76' lang='lat' dir='ltr'><em>laicales.</em></span> <span class='ocrx_word' id='word_1_30' title='bbox 439 657 498 716; x_wconf 83' lang='lat' dir='ltr'>lllae</span> <span class='ocrx_word' id='word_1_31' title='bbox 513 663 583 716; x_wconf 89' lang='lat' dir='ltr'>sunt</span> <span class='ocrx_word' id='word_1_32' title='bbox 601 655 819 728; x_wconf 77' lang='lat' dir='ltr'>ecclesiasticae,</span> <span class='ocrx_word' id='word_1_33' title='bbox 833 672 899 731; x_wconf 87' lang='lat' dir='ltr'>quae</span> <span class='ocrx_word' id='word_1_34' title='bbox 913 655 1087 714; x_wconf 87' lang='lat' dir='ltr'>auctoritate</span> <span class='ocrx_word' id='word_1_35' title='bbox 1100 653 1219 714; x_wconf 88' lang='lat' dir='ltr'>ecclesia-</span> 
     </span>
     <span class='ocr_line' id='line_1_6' title="bbox 216 743 1220 820; baseline -0.003 -16"><span class='ocrx_word' id='word_1_36' title='bbox 216 743 290 804; x_wconf 88' lang='lat' dir='ltr'>stiea</span> <span class='ocrx_word' id='word_1_37' title='bbox 302 745 465 805; x_wconf 79' lang='lat' dir='ltr'>formaliter</span> <span class='ocrx_word' id='word_1_38' title='bbox 478 753 549 804; x_wconf 87' lang='lat' dir='ltr'>sunt</span> <span class='ocrx_word' id='word_1_39' title='bbox 562 752 680 818; x_wconf 83' lang='lat' dir='ltr'>erectae,</span> <span class='ocrx_word' id='word_1_40' title='bbox 695 763 714 804; x_wconf 90' lang='lat' dir='ltr'>a</span> <span class='ocrx_word' id='word_1_41' title='bbox 728 763 787 820; x_wconf 89' lang='lat' dir='ltr'>qua</span> <span class='ocrx_word' id='word_1_42' title='bbox 802 746 833 802; x_wconf 93' lang='lat' dir='ltr'>in</span> <span class='ocrx_word' id='word_1_43' title='bbox 846 744 985 803; x_wconf 89' lang='lat' dir='ltr'>omnibus</span> <span class='ocrx_word' id='word_1_44' title='bbox 998 744 1166 820; x_wconf 88' lang='lat' dir='ltr'>diriguntur.</span> <span class='ocrx_word' id='word_1_45' title='bbox 1175 748 1220 802; x_wconf 80' lang='lat' dir='ltr'>lle</span> 
     </span>
     <span class='ocr_line' id='line_1_7' title="bbox 216 829 1218 910; baseline -0.006 -16"><span class='ocrx_word' id='word_1_46' title='bbox 216 851 275 910; x_wconf 87' lang='lat' dir='ltr'>que</span> <span class='ocrx_word' id='word_1_47' title='bbox 292 834 424 894; x_wconf 84' lang='lat' dir='ltr'>formalis</span> <span class='ocrx_word' id='word_1_48' title='bbox 446 833 558 893; x_wconf 80' lang='lat' dir='ltr'>erectio</span> <span class='ocrx_word' id='word_1_49' title='bbox 583 851 619 894; x_wconf 88' lang='lat' dir='ltr'>ea</span> <span class='ocrx_word' id='word_1_50' title='bbox 639 833 696 893; x_wconf 90' lang='lat' dir='ltr'>diei</span> <span class='ocrx_word' id='word_1_51' title='bbox 721 839 829 908; x_wconf 89' lang='lat' dir='ltr'>potest,</span> <span class='ocrx_word' id='word_1_52' title='bbox 854 851 913 908; x_wconf 85' lang='lat' dir='ltr'>qua</span> <span class='ocrx_word' id='word_1_53' title='bbox 930 835 1073 892; x_wconf 87' lang='lat' dir='ltr'>Praelatus</span> <span class='ocrx_word' id='word_1_54' title='bbox 1090 829 1218 903; x_wconf 81' lang='lat' dir='ltr'>Ecclesia,</span> 
     </span>
     <span class='ocr_line' id='line_1_8' title="bbox 214 921 1219 999; baseline -0.006 -17"><span class='ocrx_word' id='word_1_55' title='bbox 214 923 385 998; x_wconf 89' lang='lat' dir='ltr'>simpliciter</span> <span class='ocrx_word' id='word_1_56' title='bbox 398 923 540 999; x_wconf 90' lang='lat' dir='ltr'>probaret</span> <span class='ocrx_word' id='word_1_57' title='bbox 553 922 728 995; x_wconf 88' lang='lat' dir='ltr'>institutum,</span> <span class='ocrx_word' id='word_1_58' title='bbox 752 940 790 982; x_wconf 90' lang='lat' dir='ltr'>ne</span> <span class='ocrx_word' id='word_1_59' title='bbox 810 923 887 982; x_wconf 85' lang='lat' dir='ltr'>forte</span> <span class='ocrx_word' id='word_1_60' title='bbox 904 921 1039 982; x_wconf 89' lang='lat' dir='ltr'>illicitum</span> <span class='ocrx_word' id='word_1_61' title='bbox 1053 923 1099 995; x_wconf 92' lang='lat' dir='ltr'>sit,</span> <span class='ocrx_word' id='word_1_62' title='bbox 1113 923 1156 981; x_wconf 83' lang='lat' dir='ltr'>vel</span> <span class='ocrx_word' id='word_1_63' title='bbox 1167 927 1219 978; x_wconf 91' lang='lat' dir='ltr'>tau-</span> 
     </span>
     <span class='ocr_line' id='line_1_9' title="bbox 214 1009 1217 1072; baseline -0.009 0"><span class='ocrx_word' id='word_1_64' title='bbox 214 1019 278 1072; x_wconf 94' lang='lat' dir='ltr'>tum</span> <span class='ocrx_word' id='word_1_65' title='bbox 296 1012 443 1072; x_wconf 87' lang='lat' dir='ltr'>indultum</span> <span class='ocrx_word' id='word_1_66' title='bbox 456 1013 636 1072; x_wconf 80' lang='lat' dir='ltr'>concederet</span> <span class='ocrx_word' id='word_1_67' title='bbox 650 1028 769 1070; x_wconf 89' lang='lat' dir='ltr'>sacrum</span> <span class='ocrx_word' id='word_1_68' title='bbox 787 1010 914 1071; x_wconf 86' lang='lat' dir='ltr'>faciendi</span> <span class='ocrx_word' id='word_1_69' title='bbox 934 1012 966 1070; x_wconf 88' lang='lat' dir='ltr'>in</span> <span class='ocrx_word' id='word_1_70' title='bbox 987 1011 1096 1070; x_wconf 85' lang='lat' dir='ltr'>sacello</span> <span class='ocrx_word' id='word_1_71' title='bbox 1116 1009 1217 1068; x_wconf 86' lang='lat' dir='ltr'>confra-</span> 
     </span>
     <span class='ocr_line' id='line_1_10' title="bbox 213 1097 1218 1176; baseline -0.006 -16"><span class='ocrx_word' id='word_1_72' title='bbox 213 1101 376 1174; x_wconf 87' lang='lat' dir='ltr'>ternitatis;</span> <span class='ocrx_word' id='word_1_73' title='bbox 393 1118 491 1176; x_wconf 86' lang='lat' dir='ltr'>neque</span> <span class='ocrx_word' id='word_1_74' title='bbox 504 1101 627 1160; x_wconf 84' lang='lat' dir='ltr'>deberet</span> <span class='ocrx_word' id='word_1_75' title='bbox 641 1099 762 1159; x_wconf 92' lang='lat' dir='ltr'>omnino</span> <span class='ocrx_word' id='word_1_76' title='bbox 778 1099 918 1174; x_wconf 83' lang='lat' dir='ltr'>praesumi</span> <span class='ocrx_word' id='word_1_77' title='bbox 932 1117 971 1160; x_wconf 82' lang='lat' dir='ltr'>ex</span> <span class='ocrx_word' id='word_1_78' title='bbox 985 1117 1022 1158; x_wconf 92' lang='lat' dir='ltr'>eo</span> <span class='ocrx_word' id='word_1_79' title='bbox 1038 1099 1116 1175; x_wconf 90' lang='lat' dir='ltr'>quod</span> <span class='ocrx_word' id='word_1_80' title='bbox 1129 1097 1218 1157; x_wconf 82' lang='lat' dir='ltr'>Praela-</span> 
     </span>
     <span class='ocr_line' id='line_1_11' title="bbox 148 1185 1216 1266; baseline -0.006 -18"><span class='ocrx_word' id='word_1_81' title='bbox 148 1211 160 1224; x_wconf 65' lang='lat'><strong>„</strong></span> <span class='ocrx_word' id='word_1_82' title='bbox 214 1196 263 1249; x_wconf 91' lang='lat' dir='ltr'>tus</span> <span class='ocrx_word' id='word_1_83' title='bbox 277 1189 554 1250; x_wconf 75' lang='lat' dir='ltr'>confraternitatem</span> <span class='ocrx_word' id='word_1_84' title='bbox 574 1189 686 1266; x_wconf 91' lang='lat' dir='ltr'>pluries</span> <span class='ocrx_word' id='word_1_85' title='bbox 708 1189 879 1264; x_wconf 89' lang='lat' dir='ltr'>simpliciter</span> <span class='ocrx_word' id='word_1_86' title='bbox 899 1187 1071 1261; x_wconf 77' lang='lat' dir='ltr'>visitaverit,</span> <span class='ocrx_word' id='word_1_87' title='bbox 1087 1187 1150 1264; x_wconf 89' lang='lat' dir='ltr'>quia</span> <span class='ocrx_word' id='word_1_88' title='bbox 1163 1185 1216 1244; x_wconf 83' lang='lat' dir='ltr'>risi·</span> 
     </span>
     <span class='ocr_line' id='line_1_12' title="bbox 213 1277 1216 1353; baseline -0.005 -16"><span class='ocrx_word' id='word_1_89' title='bbox 213 1279 285 1337; x_wconf 89' lang='lat' dir='ltr'>tatio</span> <span class='ocrx_word' id='word_1_90' title='bbox 299 1279 328 1336; x_wconf 91' lang='lat' dir='ltr'>in</span> <span class='ocrx_word' id='word_1_91' title='bbox 343 1277 415 1353; x_wconf 89' lang='lat' dir='ltr'>ipsis</span> <span class='ocrx_word' id='word_1_92' title='bbox 428 1278 503 1337; x_wconf 87' lang='lat' dir='ltr'>locis</span> <span class='ocrx_word' id='word_1_93' title='bbox 518 1284 634 1337; x_wconf 89' lang='lat' dir='ltr'>tantum</span> <span class='ocrx_word' id='word_1_94' title='bbox 656 1277 713 1353; x_wconf 92' lang='lat' dir='ltr'>piis</span> <span class='ocrx_word' id='word_1_95' title='bbox 734 1279 823 1338; x_wconf 86' lang='lat' dir='ltr'>debet</span> <span class='ocrx_word' id='word_1_96' title='bbox 843 1277 907 1338; x_wconf 87' lang='lat' dir='ltr'>ficri</span> <span class='ocrx_word' id='word_1_97' title='bbox 921 1282 972 1351; x_wconf 83' lang='lat'><strong>(3).</strong></span> <span class='ocrx_word' id='word_1_98' title='bbox 988 1277 1165 1338; x_wconf 81' lang='lat' dir='ltr'>ordinariam</span> <span class='ocrx_word' id='word_1_99' title='bbox 1177 1291 1216 1332; x_wconf 91' lang='lat' dir='ltr'>au·</span> 
     </span>
     <span class='ocr_line' id='line_1_13' title="bbox 213 1362 1217 1438; baseline -0.006 -12"><span class='ocrx_word' id='word_1_100' title='bbox 213 1371 275 1426; x_wconf 89' lang='lat' dir='ltr'>tem</span> <span class='ocrx_word' id='word_1_101' title='bbox 294 1367 574 1426; x_wconf 85' lang='lat' dir='ltr'>confraternitatum</span> <span class='ocrx_word' id='word_1_102' title='bbox 587 1366 834 1427; x_wconf 88' lang='lat' dir='ltr'>instituendarum</span> <span class='ocrx_word' id='word_1_103' title='bbox 848 1365 1055 1426; x_wconf 85' lang='lat' dir='ltr'>auctoritatem</span> <span class='ocrx_word' id='word_1_104' title='bbox 1069 1366 1154 1426; x_wconf 87' lang='lat' dir='ltr'>habel</span> <span class='ocrx_word' id='word_1_105' title='bbox 1164 1362 1217 1438; x_wconf 81' lang='lat' dir='ltr'>Epi·</span> 
     </span>
     <span class='ocr_line' id='line_1_14' title="bbox 213 1451 1217 1532; baseline -0.003 -18"><span class='ocrx_word' id='word_1_106' title='bbox 213 1471 338 1531; x_wconf 80' lang='lat' dir='ltr'>scopus3</span> <span class='ocrx_word' id='word_1_107' title='bbox 355 1457 409 1515; x_wconf 89' lang='lat' dir='ltr'>sed</span> <span class='ocrx_word' id='word_1_108' title='bbox 430 1456 597 1531; x_wconf 90' lang='lat' dir='ltr'>delegatam</span> <span class='ocrx_word' id='word_1_109' title='bbox 611 1456 650 1515; x_wconf 89' lang='lat' dir='ltr'>ad</span> <span class='ocrx_word' id='word_1_110' title='bbox 664 1455 778 1532; x_wconf 88' lang='lat' dir='ltr'>proprii</span> <span class='ocrx_word' id='word_1_111' title='bbox 799 1453 910 1515; x_wconf 88' lang='lat' dir='ltr'>ordinis</span> <span class='ocrx_word' id='word_1_112' title='bbox 928 1455 959 1514; x_wconf 94' lang='lat' dir='ltr'>iu</span> <span class='ocrx_word' id='word_1_113' title='bbox 977 1455 1098 1531; x_wconf 87' lang='lat' dir='ltr'>propria</span> <span class='ocrx_word' id='word_1_114' title='bbox 1110 1451 1217 1514; x_wconf 87' lang='lat' dir='ltr'>ecclesia</span> 
     </span>
     <span class='ocr_line' id='line_1_15' title="bbox 213 1543 1216 1620; baseline 0 -18"><span class='ocrx_word' id='word_1_115' title='bbox 213 1544 473 1604; x_wconf 88' lang='lat' dir='ltr'>conlrateruitates</span> <span class='ocrx_word' id='word_1_116' title='bbox 487 1543 683 1602; x_wconf 90' lang='lat' dir='ltr'>instituendas</span> <span class='ocrx_word' id='word_1_117' title='bbox 696 1544 807 1604; x_wconf 86' lang='lat' dir='ltr'>habent</span> <span class='ocrx_word' id='word_1_118' title='bbox 821 1561 940 1620; x_wconf 90' lang='lat' dir='ltr'>quoque</span> <span class='ocrx_word' id='word_1_119' title='bbox 962 1543 1130 1618; x_wconf 87' lang='lat' dir='ltr'>superiores</span> <span class='ocrx_word' id='word_1_120' title='bbox 1145 1556 1216 1616; x_wconf 82' lang='lat' dir='ltr'>regu·</span> 
     </span>
     <span class='ocr_line' id='line_1_16' title="bbox 166 1629 1215 1708; baseline -0.004 -18"><span class='ocrx_word' id='word_1_121' title='bbox 166 1644 169 1650; x_wconf 82' lang='lat'>·</span> <span class='ocrx_word' id='word_1_122' title='bbox 211 1631 301 1705; x_wconf 89' lang='lat' dir='ltr'>lares,</span> <span class='ocrx_word' id='word_1_123' title='bbox 316 1634 407 1692; x_wconf 92' lang='lat' dir='ltr'>modo</span> <span class='ocrx_word' id='word_1_124' title='bbox 427 1632 510 1708; x_wconf 91' lang='lat' dir='ltr'>prius</span> <span class='ocrx_word' id='word_1_125' title='bbox 534 1631 687 1692; x_wconf 87' lang='lat' dir='ltr'>obtineant</span> <span class='ocrx_word' id='word_1_126' title='bbox 713 1649 904 1705; x_wconf 86' lang='lat' dir='ltr'>consensum,</span> <span class='ocrx_word' id='word_1_127' title='bbox 921 1630 1091 1708; x_wconf 83' lang='lat' dir='ltr'>litterasque</span> <span class='ocrx_word' id='word_1_128' title='bbox 1103 1629 1215 1692; x_wconf 82' lang='lat' dir='ltr'>testimo</span> 
     </span>
     <span class='ocr_line' id='line_1_17' title="bbox 211 1718 1217 1796; baseline -0.005 -17"><span class='ocrx_word' id='word_1_129' title='bbox 211 1721 304 1781; x_wconf 82' lang='lat' dir='ltr'>nieles</span> <span class='ocrx_word' id='word_1_130' title='bbox 317 1722 472 1794; x_wconf 81' lang='lat' dir='ltr'>ordinarii,</span> <span class='ocrx_word' id='word_1_131' title='bbox 488 1728 518 1780; x_wconf 90' lang='lat' dir='ltr'>et</span> <span class='ocrx_word' id='word_1_132' title='bbox 529 1727 638 1780; x_wconf 88' lang='lat' dir='ltr'>statuta</span> <span class='ocrx_word' id='word_1_133' title='bbox 651 1720 812 1796; x_wconf 88' lang='lat' dir='ltr'>peripsum</span> <span class='ocrx_word' id='word_1_134' title='bbox 823 1719 1040 1792; x_wconf 83' lang='lat' dir='ltr'>examinentur,</span> <span class='ocrx_word' id='word_1_135' title='bbox 1056 1737 1092 1780; x_wconf 90' lang='lat' dir='ltr'>ac</span> <span class='ocrx_word' id='word_1_136' title='bbox 1106 1718 1217 1796; x_wconf 88' lang='lat' dir='ltr'>proben-</span> 
     </span>
     <span class='ocr_line' id='line_1_18' title="bbox 212 1808 1215 1886; baseline -0.005 -17"><span class='ocrx_word' id='word_1_137' title='bbox 212 1814 270 1883; x_wconf 90' lang='lat' dir='ltr'>tur,</span> <span class='ocrx_word' id='word_1_138' title='bbox 292 1817 323 1870; x_wconf 90' lang='lat' dir='ltr'>et</span> <span class='ocrx_word' id='word_1_139' title='bbox 343 1809 533 1886; x_wconf 88' lang='lat' dir='ltr'>indulgentiae</span> <span class='ocrx_word' id='word_1_140' title='bbox 554 1808 790 1870; x_wconf 77' lang='lat' dir='ltr'>confraternitati</span> <span class='ocrx_word' id='word_1_141' title='bbox 813 1808 1069 1870; x_wconf 82' lang='lat' dir='ltr'>communicandae</span> <span class='ocrx_word' id='word_1_142' title='bbox 1088 1823 1215 1882; x_wconf 81' lang='lat' dir='ltr'>recogno-</span> 
     </span>
     <span class='ocr_line' id='line_1_19' title="bbox 188 1896 1214 1974; baseline -0.01 -12"><span class='ocrx_word' id='word_1_143' title='bbox 188 1953 192 1962; x_wconf 93' lang='lat'><em>.</em></span> <span class='ocrx_word' id='word_1_144' title='bbox 211 1905 343 1972; x_wconf 90' lang='lat' dir='ltr'>scantur,</span> <span class='ocrx_word' id='word_1_145' title='bbox 365 1905 395 1958; x_wconf 92' lang='lat' dir='ltr'>et</span> <span class='ocrx_word' id='word_1_146' title='bbox 416 1901 674 1974; x_wconf 88' lang='lat' dir='ltr'>eleemosynarum</span> <span class='ocrx_word' id='word_1_147' title='bbox 697 1900 830 1958; x_wconf 84' lang='lat' dir='ltr'>collectae</span> <span class='ocrx_word' id='word_1_148' title='bbox 844 1915 882 1958; x_wconf 93' lang='lat' dir='ltr'>ne</span> <span class='ocrx_word' id='word_1_149' title='bbox 903 1898 985 1970; x_wconf 87' lang='lat' dir='ltr'>fiant,</span> <span class='ocrx_word' id='word_1_150' title='bbox 1001 1896 1058 1956; x_wconf 89' lang='lat' dir='ltr'>nisi</span> <span class='ocrx_word' id='word_1_151' title='bbox 1076 1899 1157 1972; x_wconf 76' lang='lat' dir='ltr'>Juxta</span> <span class='ocrx_word' id='word_1_152' title='bbox 1167 1897 1214 1953; x_wconf 89' lang='lat' dir='ltr'>for-</span> 
     </span>
     <span class='ocr_line' id='line_1_20' title="bbox 209 1986 1176 2064; baseline -0.004 -18"><span class='ocrx_word' id='word_1_153' title='bbox 209 2003 290 2046; x_wconf 91' lang='lat' dir='ltr'>mam</span> <span class='ocrx_word' id='word_1_154' title='bbox 301 2005 353 2048; x_wconf 86' lang='lat' dir='ltr'>eas</span> <span class='ocrx_word' id='word_1_155' title='bbox 364 1987 521 2064; x_wconf 89' lang='lat' dir='ltr'>colligendi</span> <span class='ocrx_word' id='word_1_156' title='bbox 536 1994 566 2047; x_wconf 90' lang='lat' dir='ltr'>et</span> <span class='ocrx_word' id='word_1_157' title='bbox 579 1987 770 2064; x_wconf 84' lang='lat' dir='ltr'>expendendi</span> <span class='ocrx_word' id='word_1_158' title='bbox 783 1987 821 2047; x_wconf 90' lang='lat' dir='ltr'>ab</span> <span class='ocrx_word' id='word_1_159' title='bbox 834 1986 900 2062; x_wconf 89' lang='lat' dir='ltr'>ipso</span> <span class='ocrx_word' id='word_1_160' title='bbox 914 1987 1119 2062; x_wconf 72' lang='lat' dir='ltr'>prescriptam</span> <span class='ocrx_word' id='word_1_161' title='bbox 1132 1987 1176 2058; x_wconf 79' lang='lat' dir='ltr'>(l).</span> 
     </span>
    </p>

    <p class='ocr_par' dir='ltr' id='par_1_3' title="bbox 206 2069 1213 3129">
     <span class='ocr_line' id='line_1_21' title="bbox 246 2069 1213 2152; baseline -0.006 -18"><span class='ocrx_word' id='word_1_162' title='bbox 246 2077 305 2136; x_wconf 81' lang='lat' dir='ltr'>111ae</span> <span class='ocrx_word' id='word_1_163' title='bbox 320 2075 428 2136; x_wconf 90' lang='lat' dir='ltr'>deinde</span> <span class='ocrx_word' id='word_1_164' title='bbox 450 2076 710 2136; x_wconf 80' lang='lat' dir='ltr'>confraternitates</span> <span class='ocrx_word' id='word_1_165' title='bbox 728 2083 797 2136; x_wconf 91' lang='lat' dir='ltr'>sunt</span> <span class='ocrx_word' id='word_1_166' title='bbox 819 2075 948 2149; x_wconf 69' lang='lat' dir='ltr'>laicales</span> <span class='ocrx_word' id='word_1_167' title='bbox 964 2092 1031 2152; x_wconf 85' lang='lat' dir='ltr'>quae</span> <span class='ocrx_word' id='word_1_168' title='bbox 1046 2075 1153 2150; x_wconf 85' lang='lat' dir='ltr'>absque</span> <span class='ocrx_word' id='word_1_169' title='bbox 1165 2069 1213 2146; x_wconf 91' lang='lat' dir='ltr'>epi·</span> 
     </span>
     <span class='ocr_line' id='line_1_22' title="bbox 210 2161 1212 2241; baseline -0.008 -16"><span class='ocrx_word' id='word_1_170' title='bbox 210 2164 294 2240; x_wconf 91' lang='lat' dir='ltr'>soopi</span> <span class='ocrx_word' id='word_1_171' title='bbox 306 2165 423 2225; x_wconf 84' lang='lat' dir='ltr'>formali</span> <span class='ocrx_word' id='word_1_172' title='bbox 436 2164 612 2226; x_wconf 86' lang='lat' dir='ltr'>auctoritate</span> <span class='ocrx_word' id='word_1_173' title='bbox 626 2172 695 2224; x_wconf 89' lang='lat' dir='ltr'>sunt</span> <span class='ocrx_word' id='word_1_174' title='bbox 707 2171 826 2238; x_wconf 75' lang='lat' dir='ltr'>erectae,</span> <span class='ocrx_word' id='word_1_175' title='bbox 842 2181 969 2241; x_wconf 81' lang='lat' dir='ltr'>quaeqne</span> <span class='ocrx_word' id='word_1_176' title='bbox 983 2163 1094 2224; x_wconf 87' lang='lat' dir='ltr'>alaicis</span> <span class='ocrx_word' id='word_1_177' title='bbox 1105 2161 1212 2224; x_wconf 77' lang='lat' dir='ltr'>brodata</span> 
     </span>
     <span class='ocr_line' id='line_1_23' title="bbox 209 2253 1213 2335; baseline -0.006 -23"><span class='ocrx_word' id='word_1_178' title='bbox 209 2253 324 2314; x_wconf 90' lang='lat' dir='ltr'>alaicis</span> <span class='ocrx_word' id='word_1_179' title='bbox 338 2254 515 2328; x_wconf 91' lang='lat' dir='ltr'>diriguntur,</span> <span class='ocrx_word' id='word_1_180' title='bbox 538 2261 568 2314; x_wconf 88' lang='lat' dir='ltr'>et</span> <span class='ocrx_word' id='word_1_181' title='bbox 592 2253 845 2335; x_wconf 87' lang='lat' dir='ltr'>administrantur.</span> <span class='ocrx_word' id='word_1_182' title='bbox 869 2253 1063 2313; x_wconf 78' lang='lat' dir='ltr'>Nihilominus</span> <span class='ocrx_word' id='word_1_183' title='bbox 1083 2253 1113 2311; x_wconf 90' lang='lat' dir='ltr'>in</span> <span class='ocrx_word' id='word_1_184' title='bbox 1130 2262 1213 2310; x_wconf 88' lang='lat' dir='ltr'>earum</span> 
     </span>
     <span class='ocr_line' id='line_1_24' title="bbox 210 2337 1211 2419; baseline -0.005 -17"><span class='ocrx_word' id='word_1_185' title='bbox 210 2343 362 2403; x_wconf 89' lang='lat' dir='ltr'>erectione</span> <span class='ocrx_word' id='word_1_186' title='bbox 371 2343 491 2404; x_wconf 88' lang='lat' dir='ltr'>licentia</span> <span class='ocrx_word' id='word_1_187' title='bbox 502 2343 635 2419; x_wconf 87' lang='lat' dir='ltr'>episcopi</span> <span class='ocrx_word' id='word_1_188' title='bbox 646 2349 691 2402; x_wconf 91' lang='lat' dir='ltr'>est</span> <span class='ocrx_word' id='word_1_189' title='bbox 701 2342 811 2419; x_wconf 81' lang='lat' dir='ltr'>jugiter</span> <span class='ocrx_word' id='word_1_190' title='bbox 820 2343 1002 2415; x_wconf 74' lang='lat' dir='ltr'>neccssaria,</span> <span class='ocrx_word' id='word_1_191' title='bbox 1011 2359 1092 2415; x_wconf 90' lang='lat' dir='ltr'>nam,</span> <span class='ocrx_word' id='word_1_192' title='bbox 1102 2337 1211 2400; x_wconf 87' lang='lat' dir='ltr'>utauim·</span> 
     </span>
     <span class='ocr_line' id='line_1_25' title="bbox 209 2425 1211 2508; baseline -0.008 -18"><span class='ocrx_word' id='word_1_193' title='bbox 209 2431 336 2492; x_wconf 86' lang='lat' dir='ltr'>advertit</span> <span class='ocrx_word' id='word_1_194' title='bbox 345 2433 410 2508; x_wconf 88' lang='lat' dir='ltr'>ipse</span> <span class='ocrx_word' id='word_1_195' title='bbox 420 2437 481 2491; x_wconf 91' lang='lat' dir='ltr'>llan</span> <span class='ocrx_word' id='word_1_196' title='bbox 490 2437 606 2508; x_wconf 88' lang='lat' dir='ltr'>-Espen</span> <span class='ocrx_word' id='word_1_197' title='bbox 615 2432 700 2491; x_wconf 88' lang='lat' dir='ltr'>aliter</span> <span class='ocrx_word' id='word_1_198' title='bbox 713 2431 877 2492; x_wconf 88' lang='lat' dir='ltr'>timendum</span> <span class='ocrx_word' id='word_1_199' title='bbox 891 2432 978 2504; x_wconf 86' lang='lat' dir='ltr'>foret,</span> <span class='ocrx_word' id='word_1_200' title='bbox 991 2447 1030 2490; x_wconf 88' lang='lat' dir='ltr'>ne</span> <span class='ocrx_word' id='word_1_201' title='bbox 1053 2431 1122 2507; x_wconf 89' lang='lat' dir='ltr'>quid</span> <span class='ocrx_word' id='word_1_202' title='bbox 1131 2425 1211 2489; x_wconf 83' lang='lat' dir='ltr'>solida</span> 
     </span>
     <span class='ocr_line' id='line_1_26' title="bbox 208 2513 1210 2596; baseline -0.006 -18"><span class='ocrx_word' id='word_1_203' title='bbox 208 2520 320 2596; x_wconf 90' lang='lat' dir='ltr'>pietati,</span> <span class='ocrx_word' id='word_1_204' title='bbox 335 2528 386 2580; x_wconf 88' lang='lat' dir='ltr'>aut</span> <span class='ocrx_word' id='word_1_205' title='bbox 400 2519 574 2580; x_wconf 86' lang='lat' dir='ltr'>christianae</span> <span class='ocrx_word' id='word_1_206' title='bbox 593 2520 729 2596; x_wconf 81' lang='lat' dir='ltr'>religioni</span> <span class='ocrx_word' id='word_1_207' title='bbox 748 2521 932 2580; x_wconf 90' lang='lat' dir='ltr'>contrarium</span> <span class='ocrx_word' id='word_1_208' title='bbox 950 2520 1006 2578; x_wconf 87' lang='lat' dir='ltr'>sub</span> <span class='ocrx_word' id='word_1_209' title='bbox 1020 2524 1160 2594; x_wconf 83' lang='lat' dir='ltr'>praetextu</span> <span class='ocrx_word' id='word_1_210' title='bbox 1171 2513 1210 2573; x_wconf 81' lang='lat' dir='ltr'>de</span> 
     </span>
     <span class='ocr_line' id='line_1_27' title="bbox 208 2599 1210 2686; baseline -0.009 -17"><span class='ocrx_word' id='word_1_211' title='bbox 208 2609 337 2669; x_wconf 72' lang='lat' dir='ltr'>sotionis</span> <span class='ocrx_word' id='word_1_212' title='bbox 358 2608 504 2684; x_wconf 86' lang='lat' dir='ltr'>irreperet</span> <span class='ocrx_word' id='word_1_213' title='bbox 525 2614 576 2683; x_wconf 82' lang='lat'>(5).</span> <span class='ocrx_word' id='word_1_214' title='bbox 601 2609 764 2686; x_wconf 82' lang='lat' dir='ltr'>Episcopus</span> <span class='ocrx_word' id='word_1_215' title='bbox 778 2615 878 2669; x_wconf 87' lang='lat' dir='ltr'>autem</span> <span class='ocrx_word' id='word_1_216' title='bbox 892 2615 1052 2684; x_wconf 87' lang='lat' dir='ltr'>autequam</span> <span class='ocrx_word' id='word_1_217' title='bbox 1065 2599 1210 2682; x_wconf 91' lang='lat' dir='ltr'>hujusmodi</span> 
     </span>
     <span class='ocr_line' id='line_1_28' title="bbox 208 2692 1209 2774; baseline -0.004 -16"><span class='ocrx_word' id='word_1_218' title='bbox 208 2699 358 2758; x_wconf 88' lang='lat' dir='ltr'>licentiam</span> <span class='ocrx_word' id='word_1_219' title='bbox 373 2698 520 2757; x_wconf 87' lang='lat' dir='ltr'>concedat</span> <span class='ocrx_word' id='word_1_220' title='bbox 541 2698 629 2758; x_wconf 91' lang='lat' dir='ltr'>debet</span> <span class='ocrx_word' id='word_1_221' title='bbox 650 2697 806 2773; x_wconf 90' lang='lat' dir='ltr'>diligenter</span> <span class='ocrx_word' id='word_1_222' title='bbox 824 2697 1019 2774; x_wconf 82' lang='lat' dir='ltr'>perpendere,</span> <span class='ocrx_word' id='word_1_223' title='bbox 1042 2713 1081 2756; x_wconf 89' lang='lat' dir='ltr'>an</span> <span class='ocrx_word' id='word_1_224' title='bbox 1099 2694 1149 2756; x_wconf 88' lang='lat' dir='ltr'>alia</span> <span class='ocrx_word' id='word_1_225' title='bbox 1161 2692 1209 2766; x_wconf 78' lang='lat' dir='ltr'>jam</span> 
     </span>
     <span class='ocr_line' id='line_1_29' title="bbox 209 2780 1209 2862; baseline -0.011 -16"><span class='ocrx_word' id='word_1_226' title='bbox 209 2787 316 2846; x_wconf 83' lang='lat' dir='ltr'>existat</span> <span class='ocrx_word' id='word_1_227' title='bbox 330 2785 432 2846; x_wconf 91' lang='lat' dir='ltr'>similis</span> <span class='ocrx_word' id='word_1_228' title='bbox 444 2785 674 2846; x_wconf 84' lang='lat' dir='ltr'>confraternitas</span> <span class='ocrx_word' id='word_1_229' title='bbox 687 2786 718 2844; x_wconf 93' lang='lat' dir='ltr'>in</span> <span class='ocrx_word' id='word_1_230' title='bbox 738 2787 816 2859; x_wconf 89' lang='lat' dir='ltr'>loco,</span> <span class='ocrx_word' id='word_1_231' title='bbox 837 2786 868 2844; x_wconf 93' lang='lat' dir='ltr'>in</span> <span class='ocrx_word' id='word_1_232' title='bbox 883 2803 943 2862; x_wconf 89' lang='lat' dir='ltr'>quo</span> <span class='ocrx_word' id='word_1_233' title='bbox 957 2801 1037 2844; x_wconf 87' lang='lat' dir='ltr'>nova</span> <span class='ocrx_word' id='word_1_234' title='bbox 1050 2791 1095 2845; x_wconf 88' lang='lat' dir='ltr'>est</span> <span class='ocrx_word' id='word_1_235' title='bbox 1105 2780 1209 2844; x_wconf 85' lang='lat' dir='ltr'>fundan-</span> 
     </span>
     <span class='ocr_line' id='line_1_30' title="bbox 208 2867 1208 2952; baseline -0.008 -17"><span class='ocrx_word' id='word_1_236' title='bbox 208 2875 260 2949; x_wconf 79' lang='lat' dir='ltr'>da3</span> <span class='ocrx_word' id='word_1_237' title='bbox 277 2893 337 2952; x_wconf 90' lang='lat' dir='ltr'>quo</span> <span class='ocrx_word' id='word_1_238' title='bbox 352 2892 423 2935; x_wconf 91' lang='lat' dir='ltr'>casu</span> <span class='ocrx_word' id='word_1_239' title='bbox 436 2875 525 2950; x_wconf 89' lang='lat' dir='ltr'>hujus</span> <span class='ocrx_word' id='word_1_240' title='bbox 545 2875 677 2934; x_wconf 82' lang='lat' dir='ltr'>fundatio</span> <span class='ocrx_word' id='word_1_241' title='bbox 695 2892 757 2935; x_wconf 91' lang='lat' dir='ltr'>non</span> <span class='ocrx_word' id='word_1_242' title='bbox 774 2880 875 2950; x_wconf 91' lang='lat' dir='ltr'>potest</span> <span class='ocrx_word' id='word_1_243' title='bbox 887 2873 1018 2950; x_wconf 88' lang='lat' dir='ltr'>permitti</span> <span class='ocrx_word' id='word_1_244' title='bbox 1033 2891 1040 2946; x_wconf 80' lang='lat'>3</span> <span class='ocrx_word' id='word_1_245' title='bbox 1061 2875 1129 2934; x_wconf 89' lang='lat' dir='ltr'>item</span> <span class='ocrx_word' id='word_1_246' title='bbox 1141 2867 1208 2928; x_wconf 85' lang='lat' dir='ltr'>debet</span> 
     </span>
     <span class='ocr_line' id='line_1_31' title="bbox 207 2959 1206 3040; baseline 0 -17"><span class='ocrx_word' id='word_1_247' title='bbox 207 2965 394 3040; x_wconf 89' lang='lat' dir='ltr'>perpendere</span> <span class='ocrx_word' id='word_1_248' title='bbox 410 2984 416 3022; x_wconf 93' lang='lat'><strong>:</strong></span> <span class='ocrx_word' id='word_1_249' title='bbox 432 2981 471 3024; x_wconf 90' lang='lat' dir='ltr'>an</span> <span class='ocrx_word' id='word_1_250' title='bbox 485 2980 578 3039; x_wconf 89' lang='lat' dir='ltr'>opera</span> <span class='ocrx_word' id='word_1_251' title='bbox 592 2963 720 3040; x_wconf 81' lang='lat' dir='ltr'>pictatia,</span> <span class='ocrx_word' id='word_1_252' title='bbox 741 2970 771 3023; x_wconf 89' lang='lat' dir='ltr'>et</span> <span class='ocrx_word' id='word_1_253' title='bbox 795 2961 946 3023; x_wconf 86' lang='lat' dir='ltr'>charitatis</span> <span class='ocrx_word' id='word_1_254' title='bbox 959 2963 1127 3022; x_wconf 86' lang='lat' dir='ltr'>exercenda</span> <span class='ocrx_word' id='word_1_255' title='bbox 1144 2959 1206 3023; x_wconf 61' lang='lat'>1000,</span> 
     </span>
     <span class='ocr_line' id='line_1_32' title="bbox 206 3045 1208 3129; baseline -0.007 -16"><span class='ocrx_word' id='word_1_256' title='bbox 206 3053 335 3128; x_wconf 89' lang='lat' dir='ltr'>tempori</span> <span class='ocrx_word' id='word_1_257' title='bbox 349 3061 378 3113; x_wconf 92' lang='lat' dir='ltr'>et</span> <span class='ocrx_word' id='word_1_258' title='bbox 392 3053 529 3129; x_wconf 90' lang='lat' dir='ltr'>personis</span> <span class='ocrx_word' id='word_1_259' title='bbox 548 3053 746 3125; x_wconf 74' lang='lat' dir='ltr'>conveniant,</span> <span class='ocrx_word' id='word_1_260' title='bbox 763 3069 801 3112; x_wconf 87' lang='lat' dir='ltr'>au</span> <span class='ocrx_word' id='word_1_261' title='bbox 825 3057 934 3112; x_wconf 86' lang='lat' dir='ltr'>statuta</span> <span class='ocrx_word' id='word_1_262' title='bbox 953 3057 984 3110; x_wconf 91' lang='lat' dir='ltr'>et</span> <span class='ocrx_word' id='word_1_263' title='bbox 1002 3052 1113 3127; x_wconf 81' lang='lat' dir='ltr'>regulae</span> <span class='ocrx_word' id='word_1_264' title='bbox 1125 3045 1208 3107; x_wconf 79' lang='lat' dir='ltr'>edbo-</span> 
     </span>
    </p>
   </div>
   <div class='ocr_carea' id='block_1_2' title="bbox 205 3128 1207 3484">
    <p class='ocr_par' dir='ltr' id='par_1_4' title="bbox 205 3128 1207 3484">
     <span class='ocr_line' id='line_1_33' title="bbox 207 3128 1206 3216; baseline -0.014 -15"><span class='ocrx_word' id='word_1_265' title='bbox 207 3158 279 3201; x_wconf 90' lang='lat' dir='ltr'>uum</span> <span class='ocrx_word' id='word_1_266' title='bbox 294 3143 490 3216; x_wconf 87' lang='lat' dir='ltr'>confratrum,</span> <span class='ocrx_word' id='word_1_267' title='bbox 514 3148 544 3202; x_wconf 90' lang='lat' dir='ltr'>et</span> <span class='ocrx_word' id='word_1_268' title='bbox 557 3140 716 3216; x_wconf 84' lang='lat' dir='ltr'>Religionis</span> <span class='ocrx_word' id='word_1_269' title='bbox 730 3141 900 3200; x_wconf 87' lang='lat' dir='ltr'>conducant</span> <span class='ocrx_word' id='word_1_270' title='bbox 914 3144 972 3213; x_wconf 82' lang='lat'>(6);</span> <span class='ocrx_word' id='word_1_271' title='bbox 988 3157 1028 3199; x_wconf 88' lang='lat' dir='ltr'>an</span> <span class='ocrx_word' id='word_1_272' title='bbox 1046 3140 1158 3199; x_wconf 91' lang='lat' dir='ltr'>demum</span> <span class='ocrx_word' id='word_1_273' title='bbox 1168 3128 1206 3190; x_wconf 90' lang='lat' dir='ltr'>ali·</span> 
     </span>
     <span class='ocr_line' id='line_1_34' title="bbox 206 3219 1207 3306; baseline -0.01 -16"><span class='ocrx_word' id='word_1_274' title='bbox 206 3229 264 3304; x_wconf 92' lang='lat' dir='ltr'>cui,</span> <span class='ocrx_word' id='word_1_275' title='bbox 280 3238 310 3290; x_wconf 89' lang='lat' dir='ltr'>et</span> <span class='ocrx_word' id='word_1_276' title='bbox 321 3232 487 3306; x_wconf 77' lang='lat' dir='ltr'>praesertim</span> <span class='ocrx_word' id='word_1_277' title='bbox 504 3230 638 3290; x_wconf 74' lang='lat' dir='ltr'>ecclesiae</span> <span class='ocrx_word' id='word_1_278' title='bbox 652 3229 813 3305; x_wconf 88' lang='lat' dir='ltr'>parochiali</span> <span class='ocrx_word' id='word_1_279' title='bbox 825 3227 1031 3304; x_wconf 73' lang='lat' dir='ltr'>praeiudicium</span> <span class='ocrx_word' id='word_1_280' title='bbox 1043 3219 1207 3292; x_wconf 67' lang='lat' dir='ltr'>inferaces</span> 
     </span>
     <span class='ocr_line' id='line_1_35' title="bbox 205 3315 1205 3394; baseline -0.004 -18"><span class='ocrx_word' id='word_1_281' title='bbox 205 3317 262 3377; x_wconf 87' lang='lat' dir='ltr'>alia</span> <span class='ocrx_word' id='word_1_282' title='bbox 279 3319 325 3378; x_wconf 91' lang='lat' dir='ltr'>his</span> <span class='ocrx_word' id='word_1_283' title='bbox 345 3319 450 3380; x_wconf 86' lang='lat' dir='ltr'>similia</span> <span class='ocrx_word' id='word_1_284' title='bbox 468 3321 556 3380; x_wconf 88' lang='lat' dir='ltr'>debet</span> <span class='ocrx_word' id='word_1_285' title='bbox 579 3318 734 3394; x_wconf 85' lang='lat' dir='ltr'>diligenter</span> <span class='ocrx_word' id='word_1_286' title='bbox 758 3317 957 3394; x_wconf 87' lang='lat' dir='ltr'>perpendere,</span> <span class='ocrx_word' id='word_1_287' title='bbox 974 3317 1013 3378; x_wconf 91' lang='lat' dir='ltr'>de</span> <span class='ocrx_word' id='word_1_288' title='bbox 1032 3316 1136 3394; x_wconf 88' lang='lat' dir='ltr'>quibus</span> <span class='ocrx_word' id='word_1_289' title='bbox 1154 3315 1205 3371; x_wconf 68' lang='lat' dir='ltr'>Pra-</span> 
     </span>
     <span class='ocr_line' id='line_1_36' title="bbox 207 3407 790 3484; baseline -0.002 -18"><span class='ocrx_word' id='word_1_290' title='bbox 207 3407 328 3482; x_wconf 88' lang='lat' dir='ltr'>gmatici</span> <span class='ocrx_word' id='word_1_291' title='bbox 341 3425 381 3469; x_wconf 83' lang='lat' dir='ltr'>ex</span> <span class='ocrx_word' id='word_1_292' title='bbox 393 3409 529 3484; x_wconf 81' lang='lat' dir='ltr'>professo</span> <span class='ocrx_word' id='word_1_293' title='bbox 543 3411 749 3484; x_wconf 87' lang='lat' dir='ltr'>pertractant(</span> <span class='ocrx_word' id='word_1_294' title='bbox 769 3412 790 3480; x_wconf 90' lang='lat'>).</span> 
     </span>
    </p>
   </div>
   <div class='ocr_carea' id='block_1_3' title="bbox 240 3557 1204 3646">
    <p class='ocr_par' dir='ltr' id='par_1_5' title="bbox 240 3557 1204 3646">
     <span class='ocr_line' id='line_1_37' title="bbox 240 3557 1204 3646; baseline -0.008 -20"><span class='ocrx_word' id='word_1_295' title='bbox 240 3574 273 3640; x_wconf 80' lang='lat' dir='ltr'>(l)</span> <span class='ocrx_word' id='word_1_296' title='bbox 289 3573 341 3638; x_wconf 84' lang='lat' dir='ltr'>Qui</span> <span class='ocrx_word' id='word_1_297' title='bbox 361 3557 535 3628; x_wconf 78' lang='lat' dir='ltr'>vult&#39;habere</span> <span class='ocrx_word' id='word_1_298' title='bbox 547 3575 671 3628; x_wconf 85' lang='lat' dir='ltr'>notitiam</span> <span class='ocrx_word' id='word_1_299' title='bbox 684 3573 822 3627; x_wconf 85' lang='lat' dir='ltr'>bullarum</span> <span class='ocrx_word' id='word_1_300' title='bbox 836 3572 1038 3642; x_wconf 88' lang='lat' dir='ltr'>respicientium</span> <span class='ocrx_word' id='word_1_301' title='bbox 1049 3559 1204 3646; x_wconf 77' lang='lat' dir='ltr'>¹confraterni-</span> 
     </span>
    </p>
   </div>
   <div class='ocr_carea' id='block_1_4' title="bbox 0 0 1278 4082">
    <p class='ocr_par' dir='ltr' id='par_1_6' title="bbox 0 0 1278 4082">
     <span class='ocr_line' id='line_1_38' title="bbox 0 0 1278 4082; baseline 0 5"><span class='ocrx_word' id='word_1_302' title='bbox 0 0 1278 4082; x_wconf 95' lang='lat' dir='ltr'> </span> 
     </span>
    </p>
   </div>
  </div>
 </body>
</html>
