2468 4090
128 350 158 402 lt
170 348 288 416 religiosi
303 346 477 410 ordinarium
505 359 586 416 possa
600 348 817 414 iurisdictionem
838 363 984 412 exercere;
999 350 1024 402 3·
1038 351 1063 400 iu
1073 362 1133 402 ccu-

125 421 252 474 ventibus
266 432 414 486 numquam
424 421 577 485 suppressis
588 419 762 473 Ordinarium
774 422 875 474 habere
886 422 1100 486 jurisdictionem,
1111 421 1133 472 si
1217 481 1218 494 χ

127 494 157 546 iu
169 494 209 545 eie
223 505 270 544 sex
283 492 379 544 saltem
391 504 446 542 uon
463 492 516 542 siut
532 491 662 557 religiosi.
681 517 712 532 -
724 492 760 558 (6)
776 492 942 544 Monacellus
955 507 983 560 p.
1006 493 1026 551 l,
1042 497 1059 542 t.
1070 491 1092 550 6,
1107 494 1134 542 in

126 568 182 616 not.
196 563 230 614 ad
244 563 321 615 form.
336 563 367 613 20
380 567 406 614 at
417 563 562 627 linguanae
571 561 598 613 iu
613 577 673 630 cap.
682 576 765 628 prosu
777 564 810 616 de
824 563 870 615 oli.
885 563 944 615 ord.
958 591 989 602 -
1002 564 1036 628 (7)
1046 563 1135 615 Verior

127 641 217 690 tamen
229 633 337 686 videtur
350 634 409 686 haec
429 639 565 699 postrema
579 635 721 698 sententia,
739 635 804 701 quia
816 635 964 688 monachus
980 649 1033 688 nen
1047 635 1135 686 amittit

128 706 289 764 libertatem,
307 708 338 756 ut
351 705 422 756 servi
436 705 627 768 Romanorum,
646 705 708 758 licat
719 707 850 758 voluntati
870 721 899 759 se
913 707 1053 759 submittat
1064 719 1134 771 eupe-

128 777 216 830 rioris.
241 777 327 828 Immo
343 779 406 828 sunt
419 777 545 841 quendam
561 779 626 841 jura
640 777 827 843 incorporalia.
841 781 872 828 ut
887 779 1013 830 observat
1026 776 1136 834 Besardi,

128 862 243 914 quorum
255 847 344 899 adbuc
358 860 443 912 capax
454 851 495 899 est
508 847 665 906 monachus,
675 850 705 899 ut
719 854 782 900 sunt
793 851 857 914 jura
870 849 995 912 civitatis,
1006 863 1046 900 ex.
1055 863 1091 914 gr.
1103 847 1138 899 ie·
1218 869 1219 924 ἰ

128 919 205 972 rendi
214 918 360 971 testimonii
378 923 406 970 et
418 917 547 985 prclytas.
560 917 604 970 val
627 917 747 970 doctores
759 920 948 984 inaugurandi,
961 921 986 971 si
999 919 1138 972 monachus
1218 929 1219 980 l

127 990 288 1060 professoris
297 1003 408 1042 munere
425 989 453 1041 in
466 991 556 1055 aliquo
570 989 701 1042 Atbaeuec'
717 991 853 1056 fungatur.
867 991 917 1044 Jus
927 991 995 1044 eccl.
1000 993 1073 1064 pulv.
1083 994 1101 1042 t.
1115 990 1137 1050 i,
1218 987 1219 1028 l

129 1064 157 1115 d.
170 1063 194 1122 l,
208 1076 232 1113 c.
245 1063 277 1123 33
292 1065 319 1113 et
335 1065 367 1112 ut
380 1064 444 1112 suut
461 1061 587 1127 quaedam
597 1075 714 1113 munera
728 1063 845 1126 publica,
861 1061 966 1114 Judicis
982 1077 1024 1115 ex.
1039 1077 1075 1128 gr.
1096 1066 1141 1114 aut

129 1134 326 1195 Procuratoris‚
339 1145 400 1198 qum
414 1133 543 1198 pctaatde
553 1132 702 1197 superioris
717 1134 759 1184 sui
770 1133 877 1186 licentia
888 1134 1022 1186 interdum
1031 1133 1138 1198 explere.

130 1205 209 1258 Clam.
227 1204 252 1266 ³,
266 1205 300 1256 de
310 1211 446 1270 procurat.
461 1203 532 1255 Hinc
552 1204 699 1256 monachus
718 1205 805 1269 magia
818 1204 1002 1256 illic-familias
1017 1204 1140 1256 assimila·
1219 1213 1220 1240 l

129 1279 184 1336 tur,
198 1288 280 1341 quam
294 1287 380 1334 servo,
396 1277 423 1326 et
438 1275 513 1326 illius
530 1289 624 1327 veram
645 1275 788 1339 imaginem
803 1275 894 1338 refert,
911 1277 958 1341 qui
976 1290 1025 1340 per
1038 1287 1140 1339 arroga-
1219 1281 1220 1288 ³

130 1349 230 1400 donam
243 1346 447 1398 illius-familias
461 1346 495 1398 fit.
509 1373 542 1386 -
554 1347 590 1410 (8)
600 1347 640 1398 Dc
657 1348 729 1397 Luca
738 1346 771 1398 de
781 1349 841 1398 test.
857 1348 885 1397 iu
899 1361 968 1398 sum.
980 1362 1007 1399 u.
1022 1349 1062 1407 id,
1077 1347 1103 1398 st
1117 1349 1142 1397 st

131 1433 207 1484 seqq.
227 1419 348 1470 Dicimus
369 1417 498 1477 activam,
513 1419 577 1484 quia
590 1432 644 1469 uon
658 1421 747 1482 potest
766 1418 853 1470 facere
873 1421 1078 1479 testamentum
1092 1431 1141 1468 uon

130 1503 194 1542 vero
207 1493 351 1554 passivam,
362 1490 427 1554 quia
436 1488 499 1540 licet
509 1503 563 1540 uon
577 1489 612 1540 sit
626 1504 676 1557 per
694 1504 723 1541 se
734 1503 818 1554 capax
828 1489 931 1555 aliquid
946 1489 1143 1556 recipiendiper

132 1563 321 1612 testamentum
336 1564 476 1626 tamquam
489 1561 586 1622 haeras,
596 1561 660 1612 ‘sibi
674 1560 799 1614 relictum
817 1563 907 1613 mareu
922 1562 1021 1628 accipit
1034 1575 1079 1629 per
1091 1571 1144 1612 mo

131 1632 289 1691 numerium,
303 1633 416 1697 ejusque
429 1631 604 1696 superiorem.

167 1853 231 1910 til.
250 1848 398 1909 professio
409 1849 517 1911 deinde
528 1849 628 1910 minus
642 1849 782 1910 solemnis
795 1850 829 1910 iit
851 1851 889 1910 ad
909 1849 1069 1927 quamdam
1086 1849 1146 1910 imi·

135 1940 275 2000 tationem
294 1938 455 2014 solemnis;
478 1939 531 1998 sed
552 1939 640 2014 huJus
662 1937 723 1998 vim
746 1945 776 1998 et
801 1939 925 1999 effectus
942 1955 1004 1998 nou
1022 1938 1143 1999 sortitur.

135 2031 262 2090 Effectus
275 2028 396 2104 quidem
410 2027 603 2105 professionis
616 2027 716 2088 minus
728 2028 867 2088 solemnis
880 2028 1043 2088 metiuntur
1057 2027 1146 2104 potius

135 2136 175 2178 ex
184 2124 290 2177 natura
303 2123 454 2190 votorum,
468 2131 558 2192 mem
571 2132 611 2175 ex
625 2116 836 2176 constitutione
856 2114 995 2177 Ecclesiae
1010 2119 1062 2190 (1).
1081 2116 1146 2175 ilinc

136 2207 186 2283 qui
199 2206 352 2282 professus
363 2212 410 2266 est
419 2211 489 2264 vota
497 2204 642 2280 simplicia
653 2205 741 2264 etiam
751 2211 895 2281 perpetue
906 2211 1023 2265 tenetur
1038 2205 1146 2280 quidem

136 2313 172 2356 ea
188 2295 359 2368 observare,
374 2301 404 2354 et
418 2294 499 2370 quod
514 2300 618 2354 contm
637 2293 703 2354 fieri
722 2294 873 2370 contingat
887 2300 932 2353 est
945 2293 1087 2367 illicitum,
1100 2291 1147 2351 sed

136 2401 198 2444 non
216 2382 391 2456 invalidum;
416 2399 484 2442 cum
505 2399 522 2442 e
543 2390 649 2442 contra
668 2383 749 2458 quod
762 2382 796 2441 fit
814 2388 920 2442 eontra
931 2388 1001 2442 vcta
1015 2379 1147 2442 solemnia

137 2474 307 2533 nouaclum
317 2478 362 2532 est
374 2470 518 2543 illicitum,
534 2471 588 2530 sed
601 2471 771 2531 invalidum.
788 2475 948 2546 Propterea
961 2487 1075 2530 vovens
1087 2485 1147 2545 pau-

138 2568 283 2638 pertatem
295 2559 393 2620 minus
408 2559 580 2619 solemniter
597 2560 708 2635 absque
726 2567 849 2636 peccato
864 2559 967 2636 nequit
980 2565 1067 2619 actus
1085 2574 1146 2634 pro·

137 2649 270 2727 prietatis
281 2665 434 2721 exercere,
448 2649 502 2708 sed
514 2647 539 2708 si
552 2650 626 2708 tales
639 2655 723 2709 actus
734 2654 884 2722 exerceat,
898 2654 967 2708 sunt
976 2648 1077 2721 validi,
1088 2645 1147 2722 quia

138 2759 156 2801 a
177 2740 258 2806 nulla
279 2739 345 2814 lege
362 2737 551 2797 declarantur
563 2736 692 2797 invalidi.
708 2736 844 2798 Similiter
863 2753 976 2797 vovens
990 2737 1145 2797 castitmm

137 2834 312 2905 perpetuam
339 2824 560 2886 matrimonium
580 2824 657 2886 licite
681 2825 756 2886 inire
780 2843 842 2885 non
858 2831 980 2901 potest3
1010 2821 1145 2885 nihilomi-

138 2934 196 2977 nus
217 2917 242 2975 si
260 2914 331 2975 illud
354 2916 520 2989 contrahat,
539 2916 628 2989 velet,
644 2914 712 2991 quie
725 2913 791 2975 licet
807 2915 845 2973 ab
862 2913 962 2974 illusit
979 2914 1144 2991 prohibitus

139 3004 267 3065 nonfuit
280 3011 379 3064 tamen
393 3004 488 3079 alege
503 3002 541 3061 ad
553 3003 626 3063 illud
640 3003 806 3063 declaratus
819 3002 966 3062 inhabilis,
983 3004 1094 3063 Eadem
1106 3015 1145 3058 ra-

138 3093 220 3154 tione
235 3110 297 3154 non
313 3092 370 3153 erit
381 3089 496 3152 irritum
511 3091 592 3168 quod
601 3091 688 3153 iaciat
701 3098 806 3152 eontra
818 3091 1018 3152 obedientiam
1030 3087 1148 3168 promis·

140 3200 214 3243 sam,

174 3277 244 3332 llaec
260 3269 453 3347 professionis
472 3268 587 3348 species
605 3268 662 3330 illis
676 3268 852 3330 adscribitur
866 3267 1077 3344 Religionibus,
1091 3279 1146 3326 mo-

141 3360 287 3434 nasteriis,
301 3358 363 3418 sive
374 3359 519 3436 religiosis
533 3359 680 3432 domibus,
692 3357 723 3416 in
735 3357 841 3435 quibus
853 3375 892 3418 ex
906 3357 1036 3434 propriis
1048 3349 1145 3416 consti-

142 3449 304 3512 tutionibus
317 3449 355 3508 ab
374 3447 505 3509 Ecclesia
524 3447 694 3523 approbatis
713 3446 872 3508 novitiatus
885 3446 993 3523 agitur,
1013 3439 1143 3522 professio

141 3547 281 3599 velorum
303 3536 479 3611 simplicium
500 3535 641 3596 emittitur
659 3535 732 3624 etiq
748 3533 898 3597 communi
910 3535 966 3596 sub
979 3532 1091 3612 proprii
1103 3543 1141 3589 su·

142 3626 268 3703 perieris
287 3624 431 3699 gubernio
453 3625 491 3684 ad
512 3624 685 3700 proprium,
706 3625 893 3704 proximique
910 3625 1077 3704 profeemm
1096 3617 1146 3681 vita
