2490 4088
48 293 198 370 orationes,
215 295 375 372 lachrymae
391 297 517 372 suerunt
542 295 618 354 mibi
631 311 720 353 ormo
735 315 745 353 :
772 292 846 352 tolio
871 294 949 353 enine
964 293 1066 352 anoni·

47 391 137 443 lncnto
151 393 226 444 anot
238 385 403 444 sacerdotia.
420 383 546 443 Servom
559 383 669 443 Christi
680 399 741 443 oon
754 383 885 442 nctodio
896 381 1065 459 corporolia,

49 471 90 528 sed
101 472 225 532 Domini
232 473 420 550 providentio
433 473 525 548 sepire
535 472 681 532 consuevit
698 475 749 543 (t).
767 476 840 531 ltem
854 475 1005 547 nequeunt
1017 488 1067 530 ve·

49 561 150 620 nationi
163 561 351 635 incumbere,
366 561 435 637 quia
449 561 568 621 venatio
584 567 629 620 est
643 560 712 620 belli
726 559 929 632 simulacrum,
945 557 1067 619 mentis-

51 664 98 720 que
110 651 286 710 continuam
299 649 504 726 evagationem
519 651 604 709 affert
615 653 667 722 (3).
687 654 722 708 nt
737 666 811 708 vero
823 649 910 725 Juxta
926 654 1068 708 Doctores

52 735 152 811 duplex
167 745 213 798 est
225 740 355 813 venatio,
370 739 427 799 alia
441 741 615 807 clamorosa,
631 737 687 796 alia
703 737 809 814 quieto.
828 739 998 797 Clamorosa
1012 742 1067 805 est,

53 841 108 899 quae
116 827 150 885 tit
159 843 271 902 magno
284 833 438 903 apparatu,
450 843 612 898 armorum,
625 833 655 886 et
665 842 773 886 canum
785 824 910 900 strepitu
920 826 959 885 ad
967 841 1068 902 apina,
1117 883 1119 888 .

54 929 158 988 cervos,
174 919 365 994 majoresque
379 918 456 976 feras
471 915 649 991 capiendas;
663 915 761 990 quieta
775 931 859 985 verc,
872 931 938 989 quae
952 915 985 973 fit
999 913 1070 973 solis

54 1001 165 1076 laqueis,
180 1004 304 1078 retibus,
319 1011 370 1063 aut
390 1005 479 1064 etiam
500 1003 591 1063 armis
614 1003 679 1062 sine
699 1002 825 1078 strepitu
845 1003 883 1063 ad
908 1002 1070 1078 capiendos

54 1089 171 1164 lepores,
186 1094 301 1168 vulpeS,
317 1093 448 1169 abasque
461 1091 593 1152 minores
607 1092 694 1152 ierac.
712 1091 785 1152 llinc
802 1096 946 1154 Doctores
960 1091 991 1150 in
1006 1097 1069 1150 stu·

56 1178 94 1238 dia
107 1181 284 1241 scinduntur
298 1181 468 1242 contraria:
485 1181 534 1241 alii
549 1189 682 1253 censent,
699 1183 794 1241 solam
808 1182 1005 1240 clamorosam
1018 1197 1070 1240 ve·

57 1270 194 1330 nationem
219 1288 287 1332 esse
306 1269 423 1332 clericis
437 1269 627 1348 prolubitam,
640 1269 687 1332 alii
706 1276 864 1346 utramque
882 1268 1070 1329 interdictam

57 1360 148 1418 volunt
162 1365 213 1433 (t).

87 1451 150 1506 llaec
163 1448 265 1508 omnia
279 1449 424 1510 aelericis
438 1438 582 1522 fodienda,
596 1449 643 1510 vel
658 1447 820 1509 omittenda
832 1445 994 1522 respiciunt
1007 1462 1070 1506 ma·

60 1534 127 1596 xime
140 1537 266 1598 elericos
278 1539 309 1597 in
324 1539 416 1598 sacris
431 1538 617 1611 constitutos,
633 1544 663 1598 et
685 1537 866 1608 sacerdotes,
891 1533 951 1610 qui,
974 1536 999 1594 si
1020 1553 1071 1596 ca·

62 1640 160 1685 nonum
171 1627 299 1700 decretis
305 1645 367 1686 non
376 1628 593 1703 obtemperent,
604 1626 744 1702 gravibus
753 1623 949 1700 subjiciuntur
961 1623 1070 1699 poenis,

61 1713 126 1772 utin
148 1714 242 1774 citatis
255 1715 378 1792 aliisque
396 1717 511 1791 legibus
536 1714 789 1776 continetur.·sed
813 1729 905 1788 poena
919 1711 1072 1772 exitiosior

63 1808 100 1860 est
111 1803 248 1864 damnum
265 1804 403 1866 Ecclesiae
418 1823 425 1878 3
443 1822 522 1879 nam,
542 1811 575 1864 ut
588 1804 628 1864 ait
642 1809 670 1864 S.
687 1802 871 1863 bernardus:
888 1799 995 1861 Sinite
1015 1801 1071 1860 ele-

63 1890 179 1952 ricorum
202 1893 370 1969 despicitur,
385 1901 536 1966 cosletot
551 1911 654 1954 eorem
663 1891 832 1970 praetentio
854 1897 1070 1950 contemno-tor.

91 2021 118 2082 tlt
131 2021 193 2074 can.
211 2023 226 2072 2
241 2027 268 2074 et
281 2023 305 2086 6,
320 2038 343 2076 θ.
357 2023 398 2088 23,
409 2039 435 2090 q.
450 2025 474 2086 8,
492 2037 551 2089 cap.
566 2025 590 2088 2,
601 2024 635 2075 de
649 2023 698 2076 vit.
715 2030 765 2076 etc.
780 2052 812 2064 -
826 2024 935 2087 (ilcan.
951 2025 974 2086 3,
990 2037 1013 2074 c.
1030 2021 1071 2085 23,

66 2103 86 2154 q.
101 2092 121 2142 8.
133 2121 162 2131 -
172 2094 240 2145 Can.
258 2095 296 2153 tl,
311 2096 374 2146 dist.
391 2095 431 2158 86,
446 2099 473 2148 et
489 2099 533 2147 tot.
550 2095 591 2146 tit.
605 2094 716 2146 declar.
735 2100 825 2148 venat.
836 2095 916 2147 Unde
933 2095 962 2147 S.
975 2093 1071 2145 Hiero-

65 2178 146 2228 nymus
157 2171 246 2220 aiebat
260 2185 266 2214 ε
282 2170 457 2223 Panticapen
471 2171 624 2222 invenimus
636 2169 669 2222 in
677 2165 826 2236 Scripturas
840 2170 1073 2222 sanctissenctum

67 2235 165 2302 alboeno
174 2244 339 2304 conatorem,
350 2242 495 2307 piscatores
509 2242 662 2294 invenimus
677 2246 792 2296 sanctos.
808 2269 835 2280 -
851 2245 881 2306 tlt
896 2243 928 2292 In
938 2241 1013 2291 -hane
1023 2253 1071 2306 po-

67 2310 189 2362 steriorem
212 2313 373 2364 sententiam
388 2314 500 2366 inclinat
515 2313 676 2364 Benedictus
700 2313 774 2377 XIV,
790 2312 823 2364 de
840 2312 939 2378 synod.
957 2311 975 2360 l.
995 2310 1032 2373 ll,
1048 2323 1072 2360 c.

69 2375 98 2440 lt,
110 2394 133 2430 n.
147 2383 170 2445 6,
187 2387 214 2434 et
227 2397 314 2450 seqq,
329 2385 376 2448 qui
391 2385 455 2436 licat
478 2385 550 2435 dicet
571 2383 688 2448 primam
707 2397 768 2436 esse
788 2384 875 2449 magis
894 2395 1072 2443 communem,

67 2451 186 2518 magisque
202 2459 356 2519 receptam
376 2454 448 2506 hanc
462 2458 552 2506 tamen
570 2459 643 2506 certe
662 2456 749 2520 magis
765 2456 821 2520 juri
841 2455 1003 2522 conformem
1025 2452 1073 2503 de-

68 2520 143 2575 claret.
157 2526 190 2576 at
201 2525 310 2590 quidem
318 2528 380 2590 jure
391 2527 557 2592 meritoque:
568 2539 631 2576 nana
641 2527 711 2577 sacri
720 2539 837 2578 canones
848 2525 1018 2577 venationem
1030 2523 1071 2572 in·

68 2591 209 2648 terdicentes
228 2596 330 2648 nullam
345 2597 448 2648 faciunt
462 2597 660 2648 distinctionem
674 2597 745 2648 inter
765 2594 941 2649 clamorosam
956 2599 983 2646 et
996 2595 1072 2660 quie·

68 2663 305 2730 advocationem
328 2668 409 2718 immo
426 2669 573 2733 prohibent
589 2669 760 2719 venationem
787 2669 911 2732 cambae,
924 2666 1074 2729 avibusque

68 2739 202 2803 venatoriis,
215 2752 283 2804 ques
303 2753 389 2804 neque
404 2739 466 2790 lieet
480 2740 585 2791 clericis
604 2740 638 2790 ed
652 2740 806 2790 venandum
826 2739 951 2791 retinere.
969 2737 1033 2800 Gap.
1050 2735 1071 2799 l,

69 2805 90 2851 et
100 2804 119 2868 t,
128 2807 157 2860 de
170 2809 259 2861 cleric.
274 2813 361 2860 venat.
374 2830 380 2869 ;
394 2811 538 2876 probibent
550 2811 707 2875 aucupium,
722 2811 793 2874 quod
809 2810 867 2861 sine
883 2809 965 2860 armis
976 2808 1004 2874 tlt
1017 2810 1073 2858 rete

70 2877 106 2924 adt
115 2878 189 2944 visco,
206 2884 234 2932 et
255 2882 292 2932 ita
306 2881 405 2932 dicitur
419 2883 564 2948 aucupium
589 2882 666 2948 quasi
686 2881 849 2945 octennium.
875 2881 958 2932 Cone.
984 2880 1072 2928 Later.

70 2941 106 3007 lv,
118 2953 140 2999 et
158 2951 231 3002 trid.
253 2965 318 3004 sess.
334 2952 375 3017 td,
393 2966 415 3002 c.
435 2953 472 3016 lt,
488 2954 521 3004 de
537 2954 588 3004 rel.
612 2953 757 3019 probibent
773 2952 878 3004 deterre
894 2965 978 3013 erma,
994 2951 1031 3001 ita
1043 2951 1074 3000 ut

69 3027 139 3081 neque
151 3022 298 3087 Episcopus
314 3027 394 3088 queat
408 3037 458 3088 pro
473 3023 691 3088 sclavolupteria
703 3023 844 3074 venatione
860 3023 889 3073 in
903 3022 953 3072 boe
965 3022 1072 3087 dispen-

71 3097 124 3166 sare,
136 3095 165 3143 nt
176 3093 268 3144 dicunt
281 3094 401 3146 decisum
418 3109 434 3144 a
451 3097 478 3146 S.
491 3094 702 3160 congregatione
716 3095 898 3152 Immunitatis
910 3112 916 3153 ;
927 3096 953 3144 et
966 3091 992 3141 S.
1000 3094 1073 3150 ,Gon-

72 3156 113 3207 cdri
124 3162 295 3228 Congregatio
313 3166 415 3230 saepius
434 3166 589 3227 declaravit,
605 3170 673 3216 teste
688 3166 781 3217 eodem
798 3165 943 3222 Benedicta
956 3163 1030 3227 XIV,
1045 3162 1071 3213 d.

72 3224 210 3285 teloneum
227 3234 352 3287 allectum
368 3237 451 3288 luisse
466 3237 652 3301 irregularem,
667 3237 723 3303 qui,
743 3250 804 3287 eum
821 3240 929 3286 vacaret
938 3233 1073 3285 venationi

71 3303 282 3369 nonclamorosae,
304 3307 440 3358 hominem
454 3307 563 3359 fortuito
581 3308 763 3370 interiecerat,
785 3307 856 3372 quod
879 3307 972 3371 utiquc
990 3319 1072 3370 argu·

72 3377 171 3426 mentum
185 3379 235 3440 est,
255 3377 495 3443 Congregationem
514 3379 693 3442 existimasse,
713 3392 820 3432 ornnem
833 3377 1001 3428 venationem
1017 3390 1071 3427 non

73 3438 226 3499 clamorosam
249 3461 309 3500 esse
323 3448 429 3500 clericis
451 3449 636 3515 prohibitam:
651 3463 715 3500 nam
732 3453 833 3501 eertum
848 3449 877 3498 in
896 3450 958 3513 jure
972 3450 1021 3512 est,
1036 3461 1069 3500 ex

74 3505 195 3570 bnictdic
207 3519 308 3571 casuali
321 3533 376 3572 non
390 3520 455 3571 oriri
468 3521 705 3586 irregularitatem,
718 3520 742 3572 si
759 3518 894 3572 homicide
903 3533 1013 3586 operam
1025 3519 1071 3573 det

73 3583 195 3655 rellicitae,
208 3593 239 3644 ut
248 3590 320 3662 inira
333 3591 498 3648 videbimus.

128 3674 135 3682 a
177 3679 198 3734 I·
947 3681 962 3738 fi
