2468 4090
580 175 740 236 424..

158 329 172 354 «
189 302 265 362 uem
277 305 404 375 serrata,
419 299 535 376 deeius
552 297 700 372 libertate,
719 296 889 373 vocatione,
909 304 940 360 et
957 298 1111 360 idoneitate
1130 301 1164 359 ad

157 419 171 444 «ι
190 396 298 452 statum
309 387 492 464 religiosum,
507 395 537 449 at
549 387 690 461 declaret,
705 395 806 448 utrum
816 386 880 464 ipse
896 385 927 448 in
941 389 1062 448 llomino
1077 388 1165 448 existi-

156 507 169 530 «
189 485 261 552 met,
280 476 424 538 trovitium
437 477 476 538 ad
489 476 707 554 professionem
725 483 788 537 tuto
808 477 922 538 admitti
934 495 1034 553 posse.
1054 477 1084 538 si
1099 493 1163 536 vero

157 595 171 619 «ι
190 566 325 644 Magister
338 566 519 628 novitiorum
536 568 584 628 vel
604 565 719 626 ratione
738 565 896 641 distantiae,
910 568 958 628 vel
979 567 1035 627 alia
1046 565 1163 642 legitima

158 685 171 708 α
191 673 279 716 eausa
290 655 328 716 ed
341 657 441 716 locum
458 654 592 716 scrutinii
603 655 761 715 commode
776 656 921 716 accedere·
933 661 1070 732 nequeat,
1084 660 1163 715 tram

157 773 171 798 «
189 745 287 806 mittat
300 762 390 820 super
402 744 562 820 praemissis
576 745 754 804 relationem
767 743 938 821 inscriptis,
954 745 1091 820 illamque
1101 745 1164 818 jura·

158 863 171 887 o
189 840 292 895 manto
307 834 473 907 confirmet,
492 839 523 893 et
542 834 665 910 propria
678 851 769 894 manu
791 833 966 894 subscribat.
989 832 1164 894 Proviueielis

158 951 171 974 α
191 923 343 998 deinceps,
356 929 385 982 et
398 923 616 982 examinatores
631 939 686 998 per
700 929 816 983 secreta
827 923 967 998 suffragia
980 921 1164 994 definienter

157 1039 172 1066 ι
191 1012 319 1072 neurius
332 1010 509 1071 necessariis
519 1011 638 1071 dotibus
650 1011 793 1088 praeditns
807 1011 854 1086 sit,
864 1017 897 1071 ut
911 1012 949 1070 ad
964 1011 1165 1087 professionem

158 1128 172 1154 a
192 1107 255 1160 tuto
270 1099 383 1184 admitti
403 1100 507 1175 possit,
527 1117 617 1176 super
637 1118 698 1176 quo
719 1117 824 1162 eorum
849 1101 1032 1161 conscientia
1050 1098 1164 1176 graviter

158 1218 172 1242 «
193 1197 316 1251 onerata
329 1195 481 1250 remaneat
492 1193 542 1263 (ἲ).
559 1189 589 1249 si
600 1189 728 1249 novitius
739 1191 882 1266 probatus
895 1190 995 1265 fuerit,
1011 1188 1164 1250 Provincia-

160 1307 173 1331 «ι
192 1279 229 1340 lis
249 1280 287 1338 de
309 1276 447 1338 omnibus
469 1278 648 1338 instructum
668 1279 773 1338 reddat
796 1278 982 1355 superiorem
1001 1278 1163 1354 generalem,

161 1396 174 1420 a
195 1365 245 1443 qui
261 1366 452 1427 ulterioribus
471 1365 739 1441 informationibus,
756 1373 903 1444 quatenus
924 1366 1164 1440 necessariumju-

161 1485 174 1510 a
195 1454 347 1529 dicaverit,
362 1453 520 1531 requisitis,
536 1457 783 1532 approbationem
804 1462 934 1529 revocet,
950 1457 998 1516 vel
1015 1456 1165 1527 confirmet,

162 1573 175 1597 «ι
194 1551 283 1623 prout
294 1545 324 1603 in
333 1544 458 1604 bomine
467 1543 655 1619 judicaverit,
669 1546 740 1622 quin
754 1551 853 1605 tamen
867 1562 1000 1620 unquam
1012 1543 1165 1622 permittere

161 1661 175 1687 a
195 1633 291 1711 possit
303 1633 518 1709 professionem
532 1634 645 1708 novitii,
660 1635 711 1712 qui
730 1635 768 1694 eb
790 1634 1044 1696 examinatoribus
1060 1631 1167 1694 Prorin

162 1751 175 1775 «
197 1724 320 1785 cialibus
332 1723 512 1799 reprobatus
527 1721 615 1783 fuerit
629 1727 681 1797 (3).
700 1750 713 1774 »

192 1881 227 1945 (l)
240 1881 320 1931 Decr.
331 1880 376 1931 cit.
389 1879 471 1946 incip.
484 1878 612 1944 deputari
621 1879 767 1946 disciplina
778 1896 806 1947 p.
818 1882 843 1946 2,
857 1887 910 1936 ert.
921 1884 945 1936 3.
956 1910 988 1922 -
1000 1883 1035 1949 (t)
1046 1883 1086 1936 lb.
1097 1883 1141 1934 art.
1149 1881 1167 1932 l.

161 1979 194 1990 -
206 1953 241 2016 (3)
253 1951 294 2002 ib.
311 1954 361 2002 art.
372 1953 397 2012 5,
408 1951 604 2002 examinatores
618 1952 647 2002 in
659 1952 781 2018 qualibet
796 1954 940 2007 Provincia
950 1955 1050 2008 debent
1058 1968 1113 2006 esse
1121 1955 1169 2004 octo

163 2037 224 2075 cum
238 2024 295 2087 ipso
308 2023 479 2084 Provinciali,
491 2023 537 2088 qui
550 2024 666 2087 eligendi
677 2029 739 2075 sunt
749 2039 766 2076 e
777 2025 910 2091 Capitulo‚
922 2041 971 2079 seu
981 2026 1169 2092 congregatione

163 2094 326 2146 Provinciali
349 2109 398 2159 per
417 2099 521 2146 secrete
542 2095 679 2159 suffragia,
703 2098 730 2146 et
747 2096 846 2148 durant
860 2111 948 2163 usque
964 2097 999 2151 ad
1013 2112 1107 2149 novum
1118 2109 1168 2162 pro·

163 2166 277 2216 vinciela
289 2165 453 2230 Capitulum,
464 2165 534 2216 inter
547 2179 615 2230 quos
629 2165 681 2217 duo
695 2181 727 2218 ex
743 2167 948 2228 Definitoribus,
962 2169 1006 2220 vel
1021 2167 1167 2222 consultori·

164 2238 226 2301 bus,
238 2236 281 2288 vel
294 2235 491 2288 Assistentibus
505 2237 750 2302 comprehendendi
766 2243 838 2293 sunt.
854 2241 882 2292 Si
896 2255 959 2292 vero
975 2241 1011 2292 ob
1025 2241 1168 2306 paucitatem

165 2307 363 2372 Religiosorum
385 2307 474 2358 dictus
499 2309 712 2360 examinatorum
735 2324 866 2362 numerus
893 2311 989 2364 haberi
1015 2327 1068 2364 non
1090 2310 1166 2378 possit,

164 2383 280 2444 quatuor
295 2378 390 2430 saltam
404 2377 548 2430 sufficiunt.
567 2379 608 2431 Id.
622 2394 650 2445 p.
670 2383 692 2446 t,
707 2395 732 2431 a.
744 2381 760 2430 2
774 2383 801 2432 et
816 2382 839 2432 l.

167 2653 171 2658 Ι
199 2576 262 2634 att.
281 2571 429 2634 Professio
441 2571 580 2648 religiosa
589 2572 728 2640 dividitur
737 2575 769 2634 in
783 2591 950 2652 oppressum
964 2583 994 2636 et
1007 2577 1129 2649 temtum,
1144 2574 1168 2632 in

164 2663 326 2724 solemnem
347 2667 377 2721 et
394 2661 496 2721 minue
516 2661 687 2722 solemnem.
707 2667 857 2738 Expressa
877 2663 1017 2724 definitur
1035 2662 1166 2742 promissio

165 2753 258 2812 libere
272 2745 368 2823 facta,
384 2753 414 2809 et
435 2749 566 2826 legitime
586 2768 603 2809 a
627 2750 781 2826 superiore
800 2759 965 2829 acceptata,
990 2771 1050 2830 qua
1070 2753 1166 2830 quisse

166 2838 321 2916 adstringit
334 2845 424 2899 cartae
438 2838 580 2914 Religioni
594 2839 632 2898 ab
645 2839 777 2900 Ecclesia
790 2841 923 2916 probatae
935 2843 989 2918 per
1001 2842 1166 2904 emissionem

165 2929 256 2990 trium
269 2934 407 2988 votorum
420 2928 599 2988 solemnium
616 2929 809 3006 paupertatis,
825 2931 1012 3006 obedientiae,
1029 2939 1058 2993 et
1071 2931 1165 2992 castita-

166 3017 213 3080 tis
228 3017 374 3078 Professio
384 3033 457 3076 vero
469 3017 560 3078 tacita
572 3024 616 3077 est
631 3017 689 3092 illa,
706 3035 771 3094 quae
782 3020 851 3095 jure
863 3021 1058 3096 approbante,
1068 3021 1165 3080 resultat

168 3108 314 3182 exsectis,
329 3113 363 3166 ut
377 3107 402 3166 si
417 3106 546 3167 novitius
556 3107 739 3183 regularium
753 3109 956 3183 professorum
969 3110 1098 3170 habitum
1106 3123 1163 3168 assu·

167 3203 238 3270 mat,
255 3195 409 3272 superiore
428 3194 628 3273 permittente,
648 3199 823 3256 eorumdem
836 3197 934 3258 offloia
951 3199 1104 3276 adimpleat
1114 3210 1163 3255 cun

167 3288 319 3346 voluntate
338 3303 370 3346 se
391 3284 534 3361 Religioni
554 3285 712 3361 obligandi.
732 3287 876 3362 Equidem
900 3287 925 3346 si
948 3305 1002 3363 per
1029 3289 1162 3364 quinquen·

168 3376 259 3449 nium,
281 3377 362 3435 nulla
382 3374 535 3450 proposita
557 3377 686 3451 querela,
701 3375 731 3434 in
754 3377 812 3435 boe
826 3383 904 3436 statu
917 3384 1094 3452 perseveret,
1107 3382 1160 3434 en-

169 3480 259 3542 quam
271 3465 423 3541 professus
435 3464 590 3524 habendus
602 3465 668 3538 jure
682 3463 805 3540 pristino
819 3465 995 3540 habebatur,
1012 3473 1042 3526 et
1056 3481 1105 3526 non
1115 3465 1161 3536 pot·

168 3558 233 3613 arat
243 3554 368 3629 amplius
377 3553 415 3612 de
424 3550 557 3613 nidlitate
568 3552 678 3628 dicere,
690 3551 745 3612 nisi
755 3553 787 3612 in
795 3552 971 3630 integruma
984 3571 1093 3618 summo
1102 3557 1157 3612 Pon·
