2546 4082
515 203 674 261 ...Μ-

66 327 129 388 diu
144 327 183 388 iet
195 331 344 399 retardent,
360 339 460 384 meere
476 325 582 386 aretem
595 323 749 394 rationali,
765 331 792 384 et
807 331 874 384 tom
884 325 1019 400 primda
1030 323 1107 386 iaci·

64 433 146 492 pere
163 415 296 476 eamdem
310 415 424 485 leobere,
441 431 509 474 edre
521 414 656 490 potitam
666 430 707 472 oc
721 423 927 492 consequenter
949 414 1106 476 dicendam

67 505 147 579 erit,
161 505 194 564 ire
208 503 293 562 aelle
308 501 407 564 oborto
427 501 620 562 homicidium
639 501 791 560 committi.
814 507 846 561 ln
861 504 947 579 praxi
962 509 1061 565 amen
1076 505 1104 561 S.

67 591 321 664 Paenitentiam,
337 597 370 650 ut
383 596 528 651 testantur
542 589 739 650 communiter
754 595 907 663 Doctores,
923 591 1023 667 quoad
1033 590 1106 650 irre-

66 683 264 758 autariatas,
280 688 310 741 ot
323 681 397 740 alias
411 697 526 756 poenas,
549 680 609 739 hoc
630 679 816 752 observatur,
836 687 869 738 ut
887 680 978 740 foetus
995 681 1106 740 habea·

67 779 128 831 tur
149 771 298 830 anunatus
311 770 341 829 in
356 769 488 829 maribus
502 776 570 846 post
583 773 628 843 to,
644 774 674 828 et
688 768 718 826 in
733 767 849 828 leminis
863 775 932 846 post
945 774 992 844 80,
1008 783 1109 830 acon

70 867 174 937 ceptu
188 860 262 934 dies,
277 866 307 920 et
320 860 396 920 utin
411 857 502 918 dubio
518 863 714 934 praesumatur
728 874 794 918 mas
808 861 860 930 (l).

109 1008 150 1074 (1)
165 1008 193 1058 S.
214 1007 253 1058 De
266 1005 376 1071 Ligario
391 1005 411 1057 l.
428 1005 452 1068 3,
466 1019 493 1056 n.
513 1005 559 1057 394
574 1007 601 1056 et
615 1018 690 1070 seqq.
706 1005 735 1054 Si
756 1005 837 1058 loetus
855 1004 958 1058 nonsit
975 1004 1108 1056 animatus

71 1093 146 1130 vere
157 1077 355 1131 infanticidium
370 1091 423 1127 non
437 1076 629 1137 committitur3
642 1075 690 1127 sed
704 1076 793 1127 scelus
807 1081 849 1127 est
862 1075 979 1126 maxime
991 1075 1106 1128 detesta-

72 1151 148 1209 bile,
163 1147 236 1214 quod
252 1162 329 1200 reum
344 1147 422 1214 quasi
435 1147 598 1199 homicidam
615 1147 688 1209 lacit,
699 1147 768 1212 'quie
781 1147 862 1198 linem
876 1161 892 1197 a
904 1152 1003 1198 natura
1019 1146 1107 1198 inten-

74 1225 140 1272 tum
156 1218 281 1281 destruit,
296 1219 401 1270 etiamsi
416 1218 443 1268 id
463 1219 539 1270 fieret
559 1217 593 1270 ad
610 1218 758 1281 infamiam,
778 1218 820 1270 val
834 1221 948 1278 mortem
961 1219 1107 1269 vitandam.

74 1291 155 1344 Hinc
165 1306 182 1343 a
193 1292 305 1356 praesato
314 1290 470 1341 innocentio
480 1291 520 1341 Xl
531 1290 656 1340 damnata
670 1289 721 1340 luit
733 1303 849 1355 sequens
862 1289 1026 1356 propositio:
1041 1287 1108 1343 treet

74 1376 232 1428 procurare
248 1361 372 1415 obortam
392 1364 455 1414 onte
474 1359 671 1414 animationem
686 1360 774 1426 fetes,
795 1373 828 1412 ree
844 1360 933 1426 poetic
946 1358 1108 1426 deprehenso

75 1433 199 1500 provido
213 1433 358 1496 occidatur,
368 1436 417 1486 eut
431 1431 592 1496 infametur.
605 1431 646 1484 Oh
656 1432 777 1482 eamdem
789 1445 898 1482 causam
908 1431 958 1482 sub
971 1429 1109 1486 homicidii

77 1506 175 1572 specie
188 1505 324 1572 prohibita
338 1507 379 1556 est
393 1503 543 1554 sterilitatis
557 1503 719 1567 procuratio.
733 1502 801 1553 Nam
814 1502 839 1554 ti
852 1502 919 1568 quie,
931 1503 969 1554 ait
980 1501 1108 1553 Ecclesiae

77 1575 136 1636 lex,
152 1589 235 1628 causo
248 1574 381 1640 ecpteeeda
397 1573 528 1638 libidinis,
541 1572 581 1625 vel
593 1572 649 1624 odii
662 1573 836 1627 meditatione
852 1571 966 1633 homini,
980 1576 1028 1627 out
1041 1587 1105 1626 rnu-

78 1724 133 1837 gut
147 1718 293 1840 coaltipere,
312 1715 353 1768 oei
370 1715 447 1768 raeci
464 1715 570 1780 soboles,
589 1718 621 1768 eet
640 1713 775 1768 homicide
795 1718 927 1769 terreatur.
943 1715 1006 1781 Gap.
1027 1717 1051 1776 5,
1073 1716 1107 1768 de

101 1803 185 1840 amici
206 1827 212 1840 .

117 1987 183 2044 etl.
203 1987 294 2042 Poena
307 1980 457 2042 homicidii
470 1979 630 2041 voluntarii
649 1997 688 2040 ex
706 1981 773 2058 jure
791 1981 891 2041 divino
906 1988 952 2042 est
968 1973 1106 2044 ultimum

79 2072 265 2150 supplicium
281 2090 287 2130 :
305 2072 485 2146 Qdmmqete
498 2069 633 2145 effuderit
646 2070 817 2130 dementem
834 2073 1020 2146 scapularem,
1034 2075 1107 2144 fere-

80 2163 173 2222 detur
186 2160 308 2235 scapeia
317 2158 401 2218 illices
418 2162 477 2231 (υς
493 2159 544 2234 peti
555 2159 741 2234 percusserit,
758 2166 784 2218 et
798 2161 932 2220 occiderit
945 2162 1106 2234 hominene,

79 2256 179 2310 morte
190 2249 340 2308 morietur
350 2250 398 2318 (ἓ).
415 2251 459 2306 lix
469 2245 537 2323 jure
551 2263 623 2306 vero
639 2245 783 2306 canonico
794 2247 863 2308 laici
874 2248 1110 2310 homicidarum

80 2336 373 2409 excommunicandi,
387 2335 444 2394 nisi
458 2334 634 2410 poenitentia
648 2335 771 2394 crimina
786 2337 924 2398 diluerint
938 2343 992 2411 (3);
1004 2338 1109 2398 Clerici

79 2435 185 2488 autem
198 2425 361 2499 benefieiis,
377 2430 407 2484 et
428 2423 532 2484 officiis
555 2429 701 2501 perpetuo
722 2426 859 2500 privandi
879 2433 949 2488 sunt
963 2431 1015 2502 (t),
1029 2433 1060 2486 et
1074 2427 1104 2486 iu

79 2515 297 2577 monesterium
310 2513 346 2572 ad
361 2513 507 2588 agendam
520 2512 726 2588 poenitentiam
740 2513 914 2574 recludendi
925 2517 977 2586 (5).
990 2513 1109 2586 Quodsi

79 2603 195 2682 pluries
212 2604 270 2662 hoe
288 2601 431 2677 flagitium
456 2601 711 2677 perpetraverint,
734 2608 804 2663 sunt
829 2603 1108 2678 anathematizandi,

80 2701 114 2756 et
128 2691 312 2768 degradandi
326 2693 376 2762 (6).
398 2695 543 2750 Praeterea
556 2691 586 2749 in
601 2690 739 2754 omnibus
753 2691 942 2768 adJungenda
956 2701 1002 2752 est
1016 2709 1109 2768 poena

79 2781 321 2858 irregularitatis3
337 2779 368 2838 iu
382 2779 487 2838 aborto
501 2795 592 2853 poena
610 2779 929 2842 excommunicationis
942 2787 1108 2849 reservam

82 2872 229 2948 episcopo
241 2874 281 2943 (7)
291 2886 299 2941 3
310 2868 340 2928 in
351 2867 507 2942 sacrilegio
520 2884 611 2944 poena
620 2868 937 2930 excommunicationis
950 2876 1108 2930 reservatae

81 2958 219 3022 Pontifici
243 2964 366 3032 propter
379 2956 521 3016 violatum
535 2956 722 3032 privilegium
736 2958 873 3029 eanonis;
900 2964 929 3017 et
943 2959 1063 3018 demum
1077 2959 1108 3018 in

81 3039 184 3100 duello
198 3053 290 3113 poena
303 3035 621 3096 excommunicationis
633 3037 768 3097 similiter
781 3043 950 3111 reservata,
961 3055 997 3097 ac
1008 3037 1108 3114 priva-

81 3129 126 3188 tio
140 3127 301 3203 sepulturae
314 3123 534 3198 ecclesiasticae,
550 3124 666 3185 etiamsi
679 3143 749 3186 reus
763 3126 849 3202 signa
864 3126 1107 3202 poeniteutiaede-

83 3217 170 3291 derit‚
186 3221 217 3276 et
229 3222 416 3276 sacramenta
430 3213 576 3289 receperit
590 3217 637 3284 (8).

114 3372 151 3438 (1)
164 3371 260 3424 cenes.
277 3384 299 3421 ο.
313 3369 336 3421 e.
353 3397 381 3406 -
395 3368 431 3435 (a)
447 3369 531 3422 novit.
545 3383 567 3422 ο.
578 3370 616 3422 rr.
635 3337 713 3435 -tei
728 3371 792 3428 can.
804 3370 844 3430 eo,
857 3383 879 3422 ο.
892 3370 932 3436 er,
948 3384 974 3438 q.
989 3369 1012 3423 e.
1025 3397 1057 3410 -
1070 3370 1107 3440 (r)

84 3446 148 3498 Gan.
165 3443 203 3505 lt,
218 3442 280 3493 dist.
296 3440 335 3501 8l;
350 3444 377 3492 et
391 3441 464 3500 Trid.
482 3453 550 3500 sess.
568 3442 607 3501 ll,
624 3455 647 3492 c.
663 3443 687 3500 7,
707 3442 741 3494 de
756 3444 806 3495 res.
822 3469 850 3481 -·
864 3441 900 3507 (5)
917 3442 981 3508 Gap.
997 3444 1021 3503 d,
1036 3443 1105 3506 itin.

83 3516 117 3568 de
128 3513 255 3566 homicid.
272 3512 427 3564 Notandum
442 3514 532 3566 minen
546 3515 596 3578 est,
606 3513 678 3579 quod
693 3513 721 3564 in
734 3514 860 3578 pluribus
874 3515 1107 3568 casibusleomici·

84 3584 120 3637 de
130 3584 191 3651 ipso
200 3586 264 3651 jure
279 3582 418 3646 bontfitfit
432 3581 562 3650 liniretur,
581 3588 612 3646 ut
629 3584 760 3650 manau
774 3584 804 3642 in
819 3585 977 3650 “Wlfflin
986 3585 1105 3656 ΜΨ·
