2546 4082
549 227 711 284 451..

105 347 247 404 nistraret.
263 347 324 400 eut.
338 341 469 402 Sacerdos
491 348 523 402 in
538 353 681 412 aternum,
702 351 729 401 et
749 348 807 401 bul.
820 347 985 402 Divinarum
999 347 1138 402 Benedicti

104 421 183 476 xlv.
198 422 227 473 Si
244 421 425 472 confessarius
439 421 467 472 in
487 425 657 484 sacramento
674 421 841 486 poenitentia
857 421 1026 473 confitentem
1042 422 1076 472 ed
1090 435 1137 474 ve·

106 507 204 546 nerem
218 496 386 557 provocaret,
400 492 444 544 vel
463 506 569 544 sacrum
583 493 685 559 pluries
700 492 802 543 volaret
816 493 945 556 sigillum,
960 492 1003 545 vel
1023 494 1139 560 turpiter

106 563 245 632 peccando
255 562 325 614 serio
334 562 452 620 doceret,
471 563 499 613 in
514 577 561 616 suo
580 563 683 616 scelere
693 576 747 613 non
760 577 820 614 esse
834 569 972 630 peccatum
986 582 993 623 t
1005 565 1028 615 si
1042 564 1137 624 laicus,

106 639 217 687 vivente
229 647 323 697 uxore,
340 634 542 686 matrimonium
557 634 726 686 contraheret
739 647 800 685 cum
811 634 884 696 olia;
900 635 994 700 siquis
1008 635 1138 686 Ecclesiae

107 708 179 759 ritus
194 705 314 766 irrideat,
328 706 370 756 vel
391 706 519 758 demones
531 705 663 767 consulet,
682 717 829 770 eorumque
845 719 974 768 responsa
986 706 1138 771 suscipiet;

107 779 133 832 si
148 777 210 844 quia
221 785 308 829 sortes
322 790 384 828 cum
393 777 529 828 haereticis
540 781 672 838 exerceat,
682 777 799 829 monime
814 776 837 827 si
847 776 927 827 faciat
938 777 1067 842 predicta
1077 791 1140 829 curn

107 862 223 915 corpore
236 853 263 900 et
275 848 406 914 sanguina
419 848 528 908 Christi,
545 847 587 900 vel
602 849 703 900 similia
715 851 836 912 peragat.
850 847 893 900 lo.
910 847 1071 901 Franciseua
1084 849 1139 902 Leo

58 935 61 944 ’
107 922 138 974 in
155 921 225 972 thes.
237 921 288 972 ior.
302 921 368 973 cccl.
379 933 439 986 cep.
451 920 491 984 31,
505 935 533 972 n.
549 919 660 972 111311.
675 917 742 973 (ium
754 923 850 974 notum
866 920 1012 972 Clementis
1025 921 1061 972 X.

145 1084 210 1140 sel.
229 1083 341 1138 Praeter
353 1077 484 1138 haereses
497 1080 536 1138 ad
548 1095 651 1139 verum
669 1078 774 1138 Christi
792 1079 985 1155 Religionem,
1002 1078 1027 1138 si
1043 1079 1139 1155 possi-

107 1169 169 1230 bile
182 1169 270 1242 ioret,
286 1168 522 1241 convellendam,
537 1167 647 1227 ultimis
665 1167 748 1228 hisce
763 1167 881 1227 saeculis
895 1168 1040 1243 quasdam
1059 1167 1138 1227 viru-

12 1303 18 1310 .
108 1258 209 1318 lentes
220 1255 352 1316 occultes
364 1255 532 1328 societates,
544 1256 606 1316 sive
618 1262 716 1315 metas
730 1257 848 1316 daemon
862 1255 972 1316 invexit
984 1253 1013 1314 in
1025 1255 1139 1330 orbem,

110 1346 155 1406 uti
165 1351 212 1405 est
225 1344 352 1404 societas
367 1343 526 1404 liberorum
535 1352 739 1418 marciorum,
755 1350 785 1404 et
800 1345 1053 1414 carboneriorum
1067 1361 1142 1420 quas

110 1433 170 1494 sub
183 1433 229 1493 his
242 1431 422 1506 nominibus,
437 1440 488 1492 aut
502 1432 565 1492 aliis
580 1432 687 1492 summi
700 1432 858 1494 Pontifices
874 1431 1056 1510 gravissimis
1070 1449 1141 1508 pro-

110 1522 217 1602 positis
246 1519 344 1598 poenis
368 1521 525 1597 proilig‘are
555 1531 705 1581 curarunt.
735 1525 823 1581 Secte
845 1537 950 1581 revera
973 1521 1141 1582 massonica

111 1613 255 1674 mmneta
276 1610 448 1671 solemniter
461 1611 516 1671 fuit
535 1628 552 1671 a
573 1613 722 1672 Clemente
736 1613 785 1670 ilii
807 1613 863 1684 (1),
888 1616 918 1671 61
942 1627 960 1669 e
982 1609 1142 1672 Benedicta

112 1704 240 1775 xlvte),
255 1698 395 1776 aquibus
416 1699 499 1759 liberi
516 1705 696 1770 moratores,
717 1699 811 1774 etqui
825 1715 878 1759 eos
894 1698 1073 1775 receperint,
1092 1705 1144 1758 eut

113 1791 159 1851 eis
173 1789 326 1861 auxilium,
342 1786 535 1847 consiliumve
549 1787 740 1864 praebucrint,
762 1794 814 1846 aut
827 1803 932 1846 eorum
948 1787 1143 1846 conventibus

114 1878 319 1951 interfuerint,
346 1877 533 1936 anathemate
560 1876 659 1952 papali
685 1875 906 1952 percutiuntur,
935 1883 965 1936 et
991 1882 1144 1953 tamquam

115 1967 250 2028 haeretici
262 1967 404 2043 jubentur
417 1964 524 2040 puniri.
538 1969 624 2026 Secta
637 1981 710 2024 vero
725 1964 901 2024 carbonaria
913 1965 1053 2026 damnate
1063 1964 1141 2024 simi-

117 2057 187 2118 liter
200 2057 254 2114 init
268 2072 285 2115 a
299 2053 349 2116 Pio
364 2059 411 2114 Vll
427 2057 478 2126 (3),
495 2060 526 2113 61
544 2071 562 2112 a
576 2059 673 2114 Leone
684 2057 732 2112 1111
747 2057 797 2125 (1),
813 2071 831 2112 e
845 2052 952 2128 quibus
961 2052 1142 2127 carbonarii,

117 2160 283 2221 eorumque
305 2144 446 2214 lautores,
467 2143 579 2202 nedum
602 2141 751 2218 praedictis
770 2143 942 2218 plectuntur
959 2141 1068 2219 poenis,
1090 2142 1144 2202 sed

115 2235 240 2310 insuper
253 2229 451 2292 denunciandi
465 2231 664 2304 declarantur,
686 2247 746 2290 non
768 2231 905 2291 obstante
918 2248 1023 2291 eorum
1037 2230 1144 2290 silentii

114 2325 286 2401 juramento
300 2319 331 2381 in
345 2319 555 2396 aggregatione
570 2319 690 2393 emisso,
712 2321 794 2396 quod
814 2319 922 2379 nullius
945 2319 1063 2380 roboris
1077 2335 1143 2380 esse

116 2413 296 2474 declaretur.

147 2533 184 2598 (1)
199 2531 260 2583 Bul.
273 2529 308 2584 In
322 2496 454 2584 eminenti
468 2558 494 2566 -
511 2528 546 2594 (i)
560 2529 620 2580 Bul.
638 2527 770 2582 Providus
782 2531 973 2585 Romanorum.
991 2559 1020 2570 -
1033 2530 1070 2597 (3)
1082 2531 1143 2582 Bnt.

117 2603 264 2660 Ecclesiam
278 2601 368 2654 oleru
383 2630 411 2639 -
428 2603 464 2665 (1)
477 2601 537 2656 Bul.
553 2602 608 2668 Ouo
620 2601 752 2668 grauiora
773 2603 858 2656 mola.
876 2603 946 2655 Vide
961 2603 1040 2656 etiem
1054 2603 1143 2668 1166(-

116 2677 214 2730 clicam
228 2674 271 2726 Pii
283 2674 325 2725 nt
337 2673 382 2725 dic
394 2674 409 2724 9
419 2674 485 2725 Nor.
502 2674 560 2726 1816
572 2675 671 2726 dalem.

152 2840 217 2896 255.
237 2832 374 2894 liaerelici
388 2834 485 2893 solum
503 2837 647 2894 mentales
668 2835 749 2894 nulle
769 2835 928 2895 inuruntur
945 2833 1145 2894 ecclesiastice

114 2943 219 3005 poena,
234 2923 303 3002 quie
314 2921 500 2999 cogitationis
511 2939 633 2998 poenam
648 2939 737 2982 nemo
751 2923 862 2999 petitur
878 2926 928 2992 (1).
945 2923 1003 2983 Sed
1013 2922 1076 2982 veri
1089 2923 1145 2982 hee

115 3014 212 3088 retici,
228 3019 258 3074 et
277 3011 442 3088 praesertim
455 3011 601 3072 manifesti
615 3011 752 3088 pluribus
765 3011 966 3088 spiritualibus
977 3010 1075 3087 poenis
1087 3011 1147 3087 ple·

117 3110 241 3166 ctuntur
253 3121 260 3161 :
271 3118 341 3162 nam
347 3099 554 3178 percutiuntur
566 3099 878 3161 excommunicatione
887 3116 1004 3159 summo
1015 3097 1148 3158 Pontifici

116 3198 280 3264 reservate,
295 3210 313 3251 a
325 3207 383 3265 qua
393 3189 557 3265 Episcopus
572 3189 724 3249 ordinarie
738 3196 885 3265 potestate
899 3207 935 3248 co
950 3195 1064 3248 tantum
1076 3203 1147 3245 casu

117 3287 219 3360 potest
231 3279 396 3348 absolvere,
412 3295 472 3354 quo
486 3278 620 3339 haeretici
633 3278 849 3350 reconciliatio,
868 3280 915 3338 vel
929 3275 1051 3337 haeresis
1062 3275 1147 3350 abju-

118 3370 196 3433 ratio
210 3367 328 3445 publice
346 3367 379 3426 fit
398 3371 457 3440 (i),
481 3367 636 3442 privantur
659 3369 815 3443 sepultura
833 3364 1051 3436 ecclesiastica,
1073 3364 1149 3423 fiunt

46 3445 54 3458 ’
98 3453 318 3535 “irregularem
340 3462 369 3517 et
392 3456 418 3516 si
442 3455 542 3516 clerici
562 3457 621 3516 sint
641 3457 753 3516 cadant
767 3457 805 3516 ab
824 3453 940 3525 officiis,
953 3462 983 3514 et
995 3452 1149 3514 beneficiis

119 3549 205 3628 prius
218 3545 364 3618 obtentis,
379 3546 546 3606 redduntur
560 3545 704 3607 inhabiles
720 3546 759 3606 ad
772 3545 829 3606 alia
841 3543 1012 3617 obtinenda,
1032 3549 1062 3602 61
1079 3547 1148 3602 sunl

120 3635 301 3716 deponendi,
317 3651 354 3697 ec
367 3634 551 3712 degradandi
565 3637 576 3708 (
595 3641 616 3708 ).

983 3721 1020 3776 15.
