2566 4102
589 238 726 284 ...χ-..μ

172 353 344 412 Burrrrermr
356 347 516 410 inventarii
527 351 590 422 687,
607 351 633 408 t.

177 443 353 500 urrunnu
367 439 466 515 quoad
480 437 695 498 ordinationem
707 441 754 497 89.

173 533 349 589 Bcnsrmruu
363 527 597 588 ecclesiasticum
611 532 674 588 lit.
690 528 761 602 Ejus
774 524 858 602 origo
871 529 934 586 tro.
950 527 1107 598 Quomodo
1119 525 1165 586 di·

140 615 307 692 stinguatur
322 635 340 676 a
354 617 515 693 praebenda
524 621 587 689 til,
602 621 629 674 5.
642 614 824 676 Auctoritate
838 615 1038 676 ecclesiastica
1047 616 1166 691 erigen-

60 743 62 751 s
139 705 212 765 dum
232 713 278 765 est
291 709 353 764 475.
369 707 411 764 Ad
427 707 519 764 altare
533 721 602 764 cum
617 704 686 764 dote
709 703 759 774 ib„
778 709 805 762 l.
826 709 849 762 A
863 721 934 778 quc,
950 709 980 764 et
998 703 1047 762 cui
1063 705 1167 764 conio·

129 793 265 862 ¹rendum
283 793 319 853 ib.
340 793 513 871 hebetasse
529 798 707 868 perpetuum
719 792 757 852 ab.
775 797 851 864 Quot
872 791 931 852 sint
949 791 1168 852 beneficiorum

141 881 257 960 species
271 887 335 942 473.
349 886 500 953 Quatenus
513 880 660 940 manualia
673 881 711 940 de
721 880 875 941 beneficiis
888 881 1176 958 participantium

139 971 177 1030 ad
191 971 391 1030 amovendum
404 969 572 1030 clericuma
584 969 731 1029 beneficio
745 968 876 1030 manuali
891 987 982 1030 eausa
995 970 1167 1046 requiratur

139 1064 202 1121 tlt.
222 1061 308 1120 Solus
325 1066 402 1135 Papa
415 1058 502 1135 erigit
514 1059 658 1119 beneficia
671 1059 784 1134 majora
800 1065 830 1118 et
855 1058 997 1134 primaria
1012 1063 1084 1133 475,
1099 1059 1165 1136 epi·

138 1166 250 1226 scopus
268 1148 449 1225 parochialia
475 1155 505 1208 et
518 1147 662 1224 simplicia
675 1148 713 1208 ib.
729 1147 853 1220 Quando
873 1147 968 1224 possit
983 1148 1098 1224 erigere
1112 1167 1165 1209 ce-

139 1237 295 1298 nonicatus
309 1241 372 1296 tro.
389 1236 496 1314 Nequit
507 1237 715 1297 canonicatum
724 1236 755 1295 in
769 1238 845 1296 diros
857 1237 1000 1310 dividere,
1014 1241 1065 1297 aut
1076 1254 1165 1297 cauo·

138 1327 222 1386 nicos
231 1327 508 1403 supranumerarios
521 1343 624 1386 creare
632 1325 660 1384 ib
683 1333 753 1397 Quae
769 1325 958 1386 conditiones
968 1326 998 1386 in
1010 1327 1164 1388 erectione

137 1414 275 1475 beneficii
290 1414 401 1490 apponi
416 1421 526 1490 queant
540 1420 591 1473 lii
603 1433 611 1487 3
625 1416 718 1474 semel
732 1415 877 1490 appositae
890 1409 1042 1490 nequeunt
1054 1415 1164 1476 immu-

138 1504 194 1564 tari
213 1504 251 1564 ib.
265 1509 309 1562 An
334 1502 498 1578 capellania
519 1501 631 1562 laicalis
649 1503 722 1579 erigi
741 1503 837 1580 possit
855 1503 885 1562 in
905 1503 1083 1563 beneficium
1096 1509 1162 1565 478.

138 1590 502 1664 Quibusmodisbeneflcia
511 1591 709 1651 obtineantur.
719 1592 802 1663 (Vide
811 1591 1058 1663 Collatiaelectio,
1066 1601 1164 1669 postu

136 1679 396 1752 lettqinstitutio.)
411 1679 513 1750 Quoad
527 1680 768 1740 reservationem.
790 1679 1042 1752 (VideRcseruutio
1055 1683 1162 1758 benefi-

101 1805 104 1810 -
136 1769 273 1839 mortun)
285 1772 360 1839 Quot
369 1767 465 1827 modis
475 1766 539 1826 fieri
548 1775 637 1843 queat
646 1769 861 1829 beneficiorum
868 1769 940 1828 unio
951 1774 1004 1830 515
1017 1775 1114 1831 57516.
1129 1776 1163 1832 lu

137 1856 1163 1934 extinctivaunioneprivilegiaregularitersubsistentib3insubjecti-

22 1974 31 1991 ·
107 1963 175 2019 *va
184 1954 366 2006 evanescunt
375 1945 482 2018 5173in
493 1937 740 2027 aequeprincipali
749 1943 903 2022 utriusque
912 1953 1164 2008 naturaservatur

136 2039 199 2095 518.
219 2033 289 2106 Quis
302 2035 397 2110 possit
410 2033 554 2094 beneficia
568 2033 654 2094 unire
668 2039 731 2093 579.
748 2039 817 2121 Quae
829 2037 917 2109 justae
931 2035 1048 2094 unionis
1063 2053 1163 2096 causae

135 2123 185 2196 ab,
198 2129 224 2182 5.
239 2122 293 2195 Qui
306 2139 465 2198 processus
474 2122 639 2182 servandus
652 2122 688 2181 ib.
707 2123 829 2194 Quando
841 2122 1013 2183 ordinarius
1024 2125 1163 2185 hortetur

136 2210 280 2270 beneficia
289 2210 375 2270 unire
386 2212 421 2271 ib.
435 2217 590 2286 Nequeunt
599 2211 637 2270 ab
647 2229 683 2271 eo
695 2211 773 2271 uniri
782 2212 925 2272 beneficia
934 2220 1086 2272 reservata
1095 2219 1161 2290 550,

137 2298 324 2376 excipiuntur
344 2317 432 2359 casus
451 2299 599 2376 parochiae
612 2317 683 2360 vere
707 2300 843 2376 pauperis
862 2301 911 2374 ib,
934 2305 969 2374 13
991 2301 1162 2376 praebendae

136 2387 208 2448 alias
219 2389 359 2464 periturae
375 2389 564 2462 cathedralis,
577 2389 625 2449 vel
641 2389 794 2465 collegiata
817 2389 941 2466 insignis
955 2389 1005 2464 td,
1018 2394 1052 2463 5;
1068 2397 1098 2450 et
1111 2408 1161 2451 se-

135 2475 251 2536 minarii
264 2471 314 2548 ila,
328 2482 355 2537 3.
369 2481 439 2549 Quae
452 2477 620 2553 specialiter
633 2495 689 2554 pro
699 2475 858 2537 seminario
870 2477 929 2537 sint
938 2478 1111 2555 praescripta
1120 2479 1159 2539 t'b.

136 2563 210 2636 Quid
229 2565 397 2641 praebendis
413 2565 550 2642 theologi,
567 2573 597 2626 et
611 2565 822 2643 poenitentiarii
841 2566 892 2640 ab,
906 2573 933 2627 l.
949 2567 1071 2638 Quando
1086 2565 1158 2628 unio

135 2651 173 2713 sit
185 2653 341 2714 interdicta
355 2659 417 2714 557.
433 2655 507 2714 Unio
522 2655 615 2715 semel
629 2655 706 2714 iacta
720 2661 819 2730 potest
835 2655 943 2715 iterum
957 2654 1079 2716 dissolvi
1092 2660 1158 2716 555.

135 2747 227 2802 Nemo
241 2743 415 2819 regulariter
424 2749 523 2819 potest
536 2744 622 2819 plura
635 2742 779 2802 beneficia
792 2743 925 2803 obtinere
939 2747 1004 2803 553.
1020 2749 1090 2816 Quae
1100 2741 1162 2804 siut

135 2830 374 2906 incompatibilia,
399 2837 428 2890 et
448 2848 487 2890 ex
507 2831 613 2908 quibus
634 2831 797 2890 rationibus
816 2837 884 2905 557,
907 2831 996 2892 etiam
1012 2829 1161 2892 difformis

134 2919 190 2979 sub
211 2921 319 2982 eodem
338 2926 417 2980 tecto
440 2920 566 2980 obtineri
588 2929 740 2997 nequeunt
761 2920 825 2981 sine
846 2919 1068 2997 dispensatione
1090 2920 1160 2996 lipi-

135 3009 220 3084 scopi
236 3009 288 3080 ib„
300 3015 327 3069 l.
344 3010 499 3080 Quomodo
513 3008 706 3069 aestimandus
722 3011 856 3070 redditus
870 3011 908 3069 ad
921 3005 1077 3070 honestam
1096 3009 1161 3070 cle·

134 3097 190 3157 rici
224 3096 471 3158 sustentationem
498 3097 682 3158 necessarius
715 3098 764 3169 ila,
794 3103 821 3159 5.
853 3102 930 3170 Quot
958 3097 1159 3174 competibilia

135 3192 245 3264 queant
262 3186 313 3245 uni
335 3187 444 3246 clerico
463 3186 608 3262 assignari
622 3186 671 3258 ab„
687 3190 714 3246 6.
734 3187 813 3259 Quia,
829 3193 859 3248 et
872 3187 993 3262 quando
1008 3204 1098 3263 super
1112 3185 1160 3245 in-

135 3275 375 3352 compatibilitate
399 3275 550 3351 dispenset
571 3275 611 3334 ib.
626 3283 652 3334 ct
665 3279 727 3334 556.
743 3281 843 3336 Poenae
860 3275 1051 3336 retinentium
1070 3277 1159 3350 plura

133 3363 279 3424 beneficia
293 3362 524 3440 incompatibilia
538 3369 601 3424 555.
618 3363 707 3424 Nobis
722 3364 839 3424 videtur
853 3363 1160 3440 incompatibilitatem

133 3469 195 3512 non
212 3469 301 3528 posse
321 3452 381 3512 tolli
399 3470 453 3529 per
474 3453 722 3513 consuetudinem
745 3453 927 3514 contrariam
948 3458 1011 3513 556.
1032 3453 1159 3525 Quando

134 3542 186 3600 flat
196 3539 312 3615 divisio,
322 3547 352 3602 et
364 3542 484 3618 quando
501 3541 724 3602 dismembratio
737 3547 789 3602 557
802 3561 808 3601 :
820 3541 886 3618 quis
903 3542 997 3619 possit
1013 3541 1157 3618 dividere,

134 3637 164 3690 ct
179 3629 289 3706 quade
304 3633 480 3706 eumaem
496 3629 571 3707 quis,
588 3636 618 3690 et
638 3647 697 3707 qua
719 3629 756 3692 de
774 3647 864 3692 causa
881 3631 1079 3694 dismembare
1091 3633 1157 3694 559.

608 3725 614 3758 l
