2490 4088
485 185 643 244 -llb-

57 302 115 362 item
125 303 174 380 rpri
185 303 216 363 in
229 303 309 364 bello
324 305 404 380 iusto
418 305 562 366 offensivo
576 305 705 382 aliquem
718 312 875 380 necarunt,
889 309 937 368 vel
952 306 1071 368 mutila·

58 398 125 466 runt,
151 394 251 453 autin
276 392 354 454 hello
373 394 482 470 injusto
502 401 681 470 pugnarunt,
709 395 826 455 etiarnsi
853 413 930 456 unus
955 402 1072 457 tantum

58 481 172 542 hostium
190 482 302 558 inipso
319 482 398 543 bello
415 483 454 542 sit
467 485 595 557 occisus
618 489 668 542 aut
692 484 843 544 mutilatus
857 489 911 557 (3);
933 484 1005 545 item
1019 487 1072 546 de·

60 585 127 629 mum
149 571 269 645 medici,
287 571 429 647 chirurgi,
453 572 503 648 qui
517 590 571 649 per
593 572 781 649 imperitiam,
800 575 849 633 vel
867 574 975 634 malam
998 591 1072 634 eon·

61 659 198 720 scientiam
222 659 401 720 medicinam
419 661 574 736 dederunt,
594 663 643 722 vel
665 660 840 722 incisionem
859 663 1005 737 feceruut,
1032 679 1072 722 ex

62 763 108 822 qua
118 765 200 808 mors
212 749 250 808 sit
263 755 389 825 sequuta
399 753 451 822 (l).

85 907 115 972 (l)
126 910 226 973 Testes,
245 909 292 975 qui
311 909 340 959 in
353 906 444 959 causis
460 906 649 958 criminalibus
666 906 760 958 velunt
772 903 873 959 evitare
883 907 1070 974 irregularita-

63 980 239 1041 tem,maxime
252 982 277 1032 si
299 980 389 1031 clerici
405 979 468 1038 sint,
489 977 590 1029 debent
611 991 738 1043 expresse
765 980 920 1044 protestari,
942 981 1014 1045 quod
1036 981 1070 1032 ad

64 1050 199 1116 vindiciam,
215 1064 384 1117 seupoenam
400 1049 539 1114 sanguinis
553 1063 607 1099 non
620 1049 769 1100 intendent.
781 1051 845 1115 Cap.
861 1050 982 1102 Pralutis
996 1051 1020 1113 2,
1037 1051 1070 1103 de

64 1120 171 1174 homicid.
185 1124 212 1174 in
226 1124 249 1174 6.
267 1149 298 1160 -
311 1121 347 1187 (1)
360 1122 410 1173 Hae
425 1121 527 1185 regulae
541 1120 672 1186 quasdam
685 1120 861 1172 limitationes
874 1121 986 1184 habent,
1001 1136 1070 1186 quas

65 1194 183 1257 sapienter
196 1193 404 1258 compendifacit
417 1192 497 1244 Gard.
522 1191 612 1256 chlia
634 1192 738 1243 in-suis
757 1192 893 1262 lust-jur.
917 1192 987 1258 priv.
1001 1195 1014 1256 a
1029 1193 1069 1256 63,

64 1262 98 1313 his
107 1266 207 1316 verbis:
224 1285 234 1312 o
253 1265 353 1316 Contra
367 1265 530 1328 irregulares
544 1276 596 1314 non
612 1262 760 1314 habentur:
769 1264 794 1314 l⁰
807 1263 915 1328 Clerici,
930 1265 977 1328 qui
991 1265 1069 1316 Prin·

66 1355 75 1378 o
89 1336 134 1399 cipi
147 1337 267 1399 suadent,
279 1341 310 1401 ut
319 1335 496 1401 quorumdam
509 1334 652 1386 criminum
667 1339 827 1393 reosmurte,
842 1340 889 1385 aut
902 1335 1070 1386 mutilatione

67 1407 186 1470 «plectat.
200 1409 295 1460 Glossa
315 1407 492 1458 communiter
512 1409 620 1470 recepta
641 1407 669 1457 in
689 1420 747 1470 cap.
764 1406 842 1457 toda
861 1420 949 1458 excas.
963 1406 1068 1471 praelat.

67 1481 155 1530 overb.
165 1479 305 1542 coemittit,
319 1492 369 1530 nec
382 1479 522 1543 Princeps,
538 1479 584 1543 qui
608 1477 694 1542 legem
708 1477 809 1541 tulerit,
827 1477 900 1544 quod
913 1477 1069 1543 hujusmodi

68 1548 153 1614 oleges
169 1565 220 1602 non
239 1550 356 1602 hominis
376 1549 556 1611 occisionem,
579 1551 627 1600 aut
650 1549 845 1600 mutilationem
867 1552 1001 1614 spectant,
1021 1550 1069 1601 sed

69 1640 77 1661 u
92 1622 198 1685 quietam
212 1626 239 1674 et
253 1625 354 1673 rectam
366 1619 522 1685 reipublicae
534 1619 804 1671 administrationem.
815 1620 842 1670 2⁰
851 1621 988 1687 Episcopi,
1001 1635 1070 1686 prae-

68 1691 139 1757 «lati,
152 1696 177 1744 et
186 1694 282 1758 reliqui
297 1693 396 1750 clerici,
417 1692 463 1756 qui
480 1691 699 1756 jurisdictionem
722 1691 897 1756 temporalem
917 1693 1070 1744 obtinentes

69 1776 175 1814 «musas
195 1764 335 1829 sauguinis
358 1764 415 1814 suis
432 1762 551 1823 ballivis,
572 1775 620 1812 seu
643 1762 703 1812 aliis
726 1762 867 1826 judicibus
891 1765 1069 1826 committunt,

69 1835 183 1886 «etiamsi
196 1836 314 1886 ballivus
328 1848 377 1885 seu
390 1834 476 1897 ¹iudea
490 1833 524 1882 ad
542 1846 652 1898 poenam
665 1835 805 1899 sanguinis
819 1836 989 1900 processerit.
1004 1836 1070 1901 Gap.

69 1905 130 1956 «fin.
142 1921 173 1957 ne
187 1908 251 1957 cler.
264 1906 318 1957 vel.
331 1906 452 1956 monach.
471 1903 534 1954 iu6.
550 1904 576 1954 3ο
593 1903 682 1955 Judex
697 1905 904 1970 ecclesiasticus,
928 1907 975 1972 qui
989 1907 1069 1958 cleri-

69 1997 78 2018 o
92 1990 143 2026 eum
157 1979 215 2028 obst
217 1980 289 2028 inato
306 1977 395 2026 animo
414 1975 573 2027 criminibus
592 1975 776 2026 adhaerentem
799 1977 857 2040 jam
877 1977 1030 2042 depositum
1044 1981 1071 2028 et

70 2068 78 2086 o
92 2047 253 2111 degradatum
273 2048 356 2099 curias
373 2047 499 2099 soeculari
516 2046 608 2109 tradit,
628 2047 651 2097 si
674 2047 813 2097 tamenin
836 2051 897 2098 actu
918 2049 1070 2100 traditionis

70 2120 230 2183 «protestatio
245 2119 439 2180 intercesserit,
452 2131 486 2168 ne
503 2131 584 2182 praua
598 2117 696 2182 capitis
706 2109 859 2181 damnetur,
874 2133 928 2184 que
942 2123 1071 2184 protesta-

70 2209 79 2231 o
92 2189 160 2255 tione,
186 2206 234 2243 seu
258 2191 452 2242 intercessione
475 2188 704 2254 irregularitatem
726 2188 831 2250 evadit,
856 2191 979 2254 quamvis
997 2195 1069 2242 certo

69 2262 279 2323 «animadvertat,
304 2262 433 2312 clericum
454 2274 535 2326 poena
561 2263 630 2310 mort
631 2260 654 2310 is
620 2259 857 2311 tafficiendum.
880 2261 948 2326 Cap.
970 2263 1010 2326 tt,
1036 2263 1070 2313 de

70 2334 154 2384 «verb.
168 2334 257 2399 signif.
272 2333 297 2382 l·
313 2332 421 2394 Clerici,
436 2333 482 2396 qui
497 2331 571 2395 gravi
591 2331 699 2395 damna,
720 2331 763 2382 vel
782 2332 882 2396 injuria
906 2331 994 2385 affecti
1009 2345 1070 2384 reos

70 2405 149 2467 repud
165 2407 351 2470 magistratum
368 2402 527 2454 denuntiant
541 2402 646 2453 actione
660 2407 751 2452 tamen
771 2403 854 2466 civili,
869 2416 923 2468 qua
936 2405 1027 2454 damni
1044 2408 1071 2455 et

70 2473 236 2540 oinjnriarum
267 2476 463 2541 reparationem
490 2473 635 2540 postulent,
658 2486 691 2525 es
712 2487 841 2538 expressa
867 2476 1068 2539 protestatione,

70 2547 149 2608 «quod
163 2547 310 2598 vindictam
324 2550 351 2596 et
366 2558 475 2610 poenam
489 2544 697 2609 sanguinisnon
710 2545 859 2609 intendant,
875 2546 1024 2611 etquidem
1035 2559 1070 2598 ne

70 2615 156 2668 «detur
165 2619 302 2683 plerisque
315 2617 429 2668 materia
443 2615 593 2667 trucidandi
602 2616 726 2680 eosdem,
734 2618 778 2667 et'
772 2631 893 2682 ipsorum
902 2616 974 2668 bona
984 2617 1070 2669 libere

71 2685 262 2752 «depraedandi,
279 2690 343 2754 Cap
358 2687 382 2750 2,
397 2687 431 2738 de
445 2686 572 2738 homicid.
587 2687 653 2738 in6.
670 2704 721 2734 a-
735 2688 766 2752 (3)
781 2688 858 2740 Dect.
872 2688 907 2739 ad
920 2688 962 2739 tit
972 2688 1005 2739 de
1018 2689 1068 2741 ho-

70 2757 179 2810 ulad„-
191 2761 301 2826 (t)Gap
317 2758 379 2812 lde
393 2761 466 2810 atat.
481 2759 593 2824 etqual.
608 2758 678 2820 ordo
692 2761 791 2824 etcep.
808 2761 846 2820 19,
861 2759 895 2812 de
908 2759 1036 2812 homicid.

94 2957 144 3014 lut.
169 2956 374 3032 lrregularitas
400 2960 553 3030 contracta
579 2953 670 3014 uariis
691 2953 790 3014 modis
815 2954 937 3030 tollitur,
956 2960 990 3015 ut
1015 2971 1071 3033 per

69 3044 265 3120 suceptionem
276 3043 425 3120 baptismi,
440 3045 465 3103 si
478 3061 518 3104 ex
531 3042 639 3103 delicto
650 3043 795 3119 procedat
808 3049 877 3110 aute
890 3044 1070 3121 baptismum
1115 3087 1121 3102 .

68 3135 177 3207 patrat03
198 3150 254 3211 per
270 3133 468 3194 cessationem
485 3131 629 3202 delectus,
645 3148 663 3190 a
682 3148 741 3208 quo
755 3132 810 3193 fuit
823 3133 979 3208 producta,
1001 3133 1071 3210 quia

69 3228 180 3283 cessaue
194 3239 298 3296 eausa,
314 3227 411 3282 cessat
425 3223 567 3294 effectus,
583 3228 614 3281 et
628 3237 683 3298 per
698 3220 859 3297 legitimam
872 3219 1069 3297 dispensatio-
1149 3217 1152 3222 '

68 3320 120 3368 nem
132 3313 178 3383 (l).
193 3311 334 3387 Legitima
357 3316 458 3371 autem
475 3310 628 3386 dispensat
646 3326 782 3370 summus
794 3309 939 3370 pontifiex
951 3309 982 3369 in
996 3327 1067 3386 qua·

67 3392 121 3456 libet
140 3399 353 3475 irregularitate
380 3417 398 3458 a
422 3400 490 3475 jure
513 3397 716 3459 eeclesiastico
740 3397 912 3473 constituta,
939 3397 1001 3459 sive
1030 3417 1069 3460 ex

69 3483 254 3562 ariminense
272 3505 312 3548 ex
326 3488 443 3550 delectu
454 3487 606 3563 procedat.
624 3487 788 3564 Episcopus
803 3504 875 3548 vero
892 3487 1067 3564 dispensat:

68 3573 89 3628 1ο
107 3573 132 3634 io
156 3576 371 3655 irregularitate
398 3576 592 3653 proveniente
620 3593 660 3636 ex
680 3574 809 3653 bigamia
835 3576 1068 3638 similitudinarie
