2530 4040
464 213 619 272 ..231-

14 335 87 389 sant
115 333 257 388 ammones
275 335 399 399 donatii,
416 335 511 404 cultros
532 339 590 390 toto
606 335 837 403 0011010100ωο
856 338 1059 406 emmptters

15 406 164 472 prolatas
176 406 318 472 noptiperss,
328 405 474 472 disciputus
488 407 767 474 molodtem,jooeuis
776 409 883 474 otiosus,
894 423 973 464 muco
984 409 1062 464 obsti·

13 476 282 537 nasammonas
300 477 423 541 cumam,
445 477 590 532 monachas
609 479 772 543 causidicus,
787 479 894 534 habitus
912 481 1060 546 pretiosus.

14 548 102 601 α’ὺω
121 549 281 616 tumuitus,
290 562 386 601 mmor
399 549 567 610 luctamine,
582 550 615 603 tis
624 549 655 603 itt
667 551 793 616 capituto.
808 551 987 606 dissolutioris
998 551 1061 606 clio-

17 633 64 684 ro,
77 619 267 674 inmerentia
278 619 351 672 circo
369 619 464 673 attare.
481 648 512 659 —
525 621 562 687 (3)
575 619 737 673 Benedictus
746 622 821 681 XIV,
835 622 869 674 de
879 623 978 686 Syned.
989 622 1007 674 l.
1024 623 1061 682 13,

18 706 43 744 0.
65 691 113 752 11,
127 705 156 744 n.
171 691 200 743 16
216 693 243 743 01
258 703 350 758 seqq.;
364 697 392 744 et
403 690 547 746 1101111101
558 692 730 760 promuimos
743 694 826 746 clem.
842 693 919 753 xttl,
934 694 984 758 (1.

61 868 683 946 233110101100110010110110131000]
696 869 885 942 strictiorem,
895 871 943 930 vei
955 869 1063 931 arctio-

21 973 101 1019 rem
126 958 165 1018 de
180 959 247 1034 iure
269 958 421 1018 communi
442 958 582 1018 omnibus
602 957 786 1031 conceditur,
810 956 913 1034 petite,
932 963 962 1018 et
975 957 1064 1018 etiam

22 1063 95 1106 non
114 1047 238 1106 obtentu
252 1047 447 1122 superiorum
460 1047 587 1121 licentia,
604 1046 738 1122 exceptis
761 1046 831 1122 ipsis
845 1045 1063 1122 Superioribus,

23 1151 91 1212 pro
109 1135 219 1212 quinus
233 1140 263 1196 S.
274 1133 359 1196 Sedis
370 1134 488 1195 licentia
500 1134 660 1212 requiritur
673 1138 724 1207 (1).
740 1135 823 1195 ilatio
832 1141 887 1208 est,
899 1135 1065 1210 quianemo

26 1223 248 1302 impediendus
258 1232 304 1285 est
313 1241 331 1283 a
341 1224 447 1299 maiori
456 1225 638 1301 perfectione
648 1225 819 1300 querende,
827 1240 894 1300 quae
902 1224 931 1282 in
945 1221 1065 1284 arctiori

27 1311 186 1388 religione
212 1311 338 1372 inveniri
354 1313 553 1388 praesumitur.
583 1314 642 1374 sed
659 1314 727 1389 jure
742 1311 902 1372 novissimo
922 1327 983 1371 uon
1003 1327 1065 1371 am·

28 1401 119 1476 plius
140 1399 212 1459 licet
229 1401 381 1475 transuere,
402 1400 457 1460 nisi
476 1417 513 1461 ex
535 1406 564 1461 S.
580 1400 665 1462 Sedis
683 1399 801 1460 licentia
814 1402 853 1460 ed
874 1400 1023 1474 Ordinem,
1035 1400 1066 1459 in

30 1507 102 1565 quo
121 1488 289 1549 claustralis
307 1488 462 1566 disciplina
483 1489 592 1566 vigeat,
607 1489 647 1549 ita
662 1498 695 1549 ut
715 1491 874 1550 lfonachus
892 1490 930 1549 ab
946 1505 1008 1549 uno
1022 1488 1066 1548 di-

30 1579 152 1638 mIssus
162 1577 267 1638 ordine
281 1579 381 1639 stetim
395 1578 557 1654 recipietur
569 1579 607 1638 ab
620 1577 677 1638 alio
690 1583 740 1652 (1).
765 1583 862 1650 Quare
881 1577 906 1638 si
926 1577 1067 1638 transitus

32 1667 129 1728 aliter
149 1667 212 1742 fiet,
239 1684 299 1726 non
318 1667 437 1727 videtur
453 1684 542 1743 posse
555 1668 720 1727 transeunti
734 1669 887 1744 prodesse,
909 1666 1023 1728 etiamsi
1036 1665 1067 1726 in

34 1755 180 1816 secunda
192 1755 335 1831 reiigione
345 1761 414 1831 post
423 1755 599 1816 novitiatum
609 1755 823 1830 professionem
836 1755 966 1816 emiserit
980 1775 986 1813 :
998 1769 1069 1814 nam

34 1860 170 1904 neeesse
184 1842 250 1917 erit,
266 1849 298 1903 ut
311 1845 349 1903 ab
364 1843 469 1904 eedem
483 1850 581 1916 exeat,
597 1844 675 1904 etad
691 1844 816 1920 primam
824 1845 902 1904 intra
910 1851 972 1904 tres
985 1859 1068 1904 men·

35 1949 90 1994 see
102 1937 276 1994 revertetur
291 1935 343 2006 (3).

72 2071 111 2134 (1)
127 2069 194 2137 Cep.
212 2071 240 2123 18
254 2073 337 2136 regul.
350 2099 381 2110 -
395 2071 427 2136 (it
441 2071 501 2124 But.
513 2069 582 2126 Ilicet
599 2067 685 2126 Socra
699 2071 798 2125 Bened.
814 2071 937 2124 X111.·-·
954 2071 988 2136 (3)
1003 2069 1066 2123 But.

39 2141 143 2196 Pastor
155 2141 237 2194 tonsos
250 2141 351 2195 Bened.
367 2142 443 2226 11111.

78 2321 146 2378 221.
162 2318 313 2378 indultum
328 2319 457 2394 denique
470 2318 745 2380 secusnzzetionte
765 2335 803 2380 ex
819 2320 903 2395 justa
918 2333 1017 2390 causa,
1039 2324 1072 2378 ut

42 2407 85 2466 ad
104 2406 291 2482 adiuvandas
304 2413 456 2483 parentes,
471 2408 520 2467 vel
534 2409 572 2468 ad
585 2408 738 2484 propriam
755 2408 917 2468 curandam
930 2406 1070 2477 satutem,

41 2496 123 2556 solet
135 2495 315 2572 quandoque
330 2496 499 2557 concedere
509 2513 643 2557 summus
653 2497 797 2571 Pontifex,
811 2497 862 2572 qui
871 2492 1072 2570 dispensando

43 2583 225 2660 regulariter
235 2584 337 2660 exigit,
347 2593 381 2646 ut
396 2593 540 2662 quantum
552 2585 618 2645 fieri
630 2591 740 2661 potest,
754 2585 810 2644 tria
820 2583 1006 2644 emissavota
1015 2597 1073 2642 ser·

43 2680 170 2746 ventur,
185 2678 216 2731 et
228 2678 261 2732 nt
271 2673 393 2749 aliquod
406 2673 536 2750 religiosi
555 2671 673 2733 habitus
686 2673 843 2749 vestigium
861 2671 889 2730 in
904 2672 1014 2730 saeeulo
1024 2670 1073 2746 ju-

43 2761 124 2837 giter
139 2761 297 2822 deferatur.
309 2767 370 2822 Nec
385 2779 441 2838 pro
456 2762 605 2822 contraria
618 2761 810 2822 conclusione
819 2759 970 2820 sufficiunt
982 2773 1074 2818 cano·

45 2867 114 2924 nee,
130 2849 162 2909 in
177 2850 285 2926 quibus
306 2851 445 2911 statuitur
466 2851 648 2912 monachum
668 2867 787 2926 semper
800 2866 866 2909 esee
882 2847 1072 2920 monachum,

46 2939 90 2999 ita
103 2945 140 2998 ut
153 2955 189 2998 ea
202 2938 330 3016 desuper
351 2957 386 2999 re
410 2957 508 3015 neque
535 2955 670 2999 summus
687 2937 821 2999 Pontifex
843 2942 933 3013 queat
953 2935 1074 3010 dispen-

45 3043 117 3088 sare
132 3029 173 3098 (1)
190 3045 197 3086 :
213 3033 360 3087 nemvota
373 3027 517 3087 solemnia
531 3029 729 3087 suntexsola
747 3024 958 3086 constitutione
973 3023 1075 3083 Eccle-

48 3116 103 3176 siae
118 3120 160 3188 (2)
171 3133 179 3187 ς
191 3121 231 3190 nt,
246 3133 313 3191 quae
323 3116 362 3176 ab
376 3116 505 3176 Ecclesia
514 3117 635 3176 fuerunt
646 3115 778 3175 instituta
787 3120 914 3191 possunt
923 3113 961 3172 ab
971 3113 1076 3172 eadem

47 3203 196 3278 revocari,
212 3205 280 3280 quie
292 3205 356 3281 ejus
365 3211 411 3264 est
423 3206 551 3276 solvere,
562 3205 648 3281 csrjue
661 3212 706 3264 est
716 3203 824 3280 ligare:
836 3202 957 3277 insuper
967 3199 1076 3260 summi

49 3293 201 3354 pontificis
213 3293 375 3353 identidem
389 3293 447 3352 hac
458 3292 650 3367 dispensandi
667 3293 807 3353 facultate
821 3298 954 3351 utuntur.
978 3295 1075 3361 Quare

51 3381 195 3444 contrarii
207 3399 338 3442 canones
360 3382 401 3442 ita
424 3387 493 3440 sunt
510 3380 733 3458 interpretandi,
749 3397 788 3440 ne
806 3380 911 3440 deceat
927 3395 1077 3440 summum

52 3471 228 3534 Pontificem
240 3469 389 3531 ordinarie
400 3470 572 3548 dispensare
585 3469 650 3530 sine
663 3486 754 3530 causa
769 3473 820 3544 (3).

86 3609 122 3676 (1)
135 3609 200 3678 Cep.
214 3608 239 3670 6,
253 3608 287 3662 dc
300 3608 366 3664 Stet.
382 3607 504 3663 monach.
520 3635 548 3648 -
568 3607 604 3675 (t)
624 3608 689 3675 cap.
708 3607 781 3661 unic.
796 3607 831 3662 de
843 3609 897 3661 vot.
917 3607 946 3660 in
959 3607 984 3660 6.
999 3629 1027 3646 -
1041 3605 1075 3672 (3)
