2490 4088
449 203 592 260 -Ὴ-

14 336 100 388 scopus
115 325 147 374 in
161 323 332 376 efformando
351 338 480 390 processu
504 339 554 390 pro
567 324 766 376 canonizatione
787 323 954 388 Sanctorum,
967 329 994 376 et
1007 326 1035 378 in

14 393 160 445 sisitdione
171 395 335 445 montelium
350 416 356 444 :
374 410 437 446 narn
452 395 631 447 cancellarius
654 395 740 446 laicus
753 396 918 446 monasteria
931 396 1036 461 ingredi

15 465 105 528 nequit.
117 464 185 516 Bul.
194 463 290 517 Dubiis
301 465 423 530 Gregorii
434 457 511 524 xlii,
523 465 628 517 etiamsi
640 471 711 517 esset
721 464 842 516 officialis
854 466 972 530 ipsorum
983 481 1038 520 mo-

14 536 200 599 nasteriorum,
215 539 245 586 ut
264 537 384 587 referunt
397 537 518 588 decisum
532 551 548 587 a
563 540 589 587 8.
607 536 819 601 congregatione
835 538 902 603 epis.
918 543 945 589 et
968 538 1034 604 Reg.

15 602 165 658 utimum
185 608 224 658 iti.
239 607 302 658 Jan.
319 607 387 658 1687.
403 635 433 644 -
447 608 481 672 it)
495 609 553 660 Hoc
567 611 626 659 erat
638 607 714 660 laicis
731 608 902 658 interdictum
920 609 955 660 ab
972 611 1037 673 ipsis

16 677 222 742 imperatoribus
237 678 398 730 Christianis
416 678 541 743 pluribus
567 679 683 744 legibus,
703 692 772 746 quas
792 678 871 738 affert
887 679 996 732 Beraldi
1009 683 1038 734 in

16 749 62 798 suis
75 749 289 800 Commentariis
306 749 339 800 ad
355 750 402 800 lib.
418 751 441 800 5.
456 750 565 802 Daorsi.
583 764 610 815 p.
627 751 649 814 l,
664 751 714 802 dis.
729 751 754 812 i,
768 764 791 800 c.
811 751 833 800 1.
851 751 903 802 Sed
917 751 986 806 hanc
999 753 1039 804 in·

16 819 194 871 indictionem
206 821 324 871 firmavit
337 813 491 872 Alexander
502 821 549 884 IV,
565 822 592 871 in
610 834 669 887 cap.
682 821 697 871 2
713 821 746 872 de
758 821 852 872 haeret.
874 822 902 871 in
915 823 939 876 6.
956 837 1038 888 quam

17 888 54 937 aiii
67 892 238 954 posteriores
253 892 395 944 Pontifices
414 897 501 943 ratam
522 892 678 945 habuerunt
696 892 729 943 ad
751 891 873 957 pericula
895 891 1037 958 disputan·

18 959 81 1024 tium,
95 967 125 1014 et
139 963 308 1027 pusillorum
323 963 451 1015 scandala
461 963 619 1015 amovenda.
635 962 783 1014 Prohibitio
796 967 885 1014 tamen
898 963 956 1014 haec
966 965 1039 1018 cadit

19 1031 41 1080 in
52 1033 237 1099 disputatione
251 1047 317 1085 vera
331 1038 357 1085 et
371 1035 487 1093 formali,
502 1049 557 1086 non
576 1034 604 1084 in
617 1035 761 1096 materiali,
775 1033 818 1085 vel
832 1033 904 1095 licie,
918 1039 965 1086 ant
980 1049 1037 1086 mo·

21 1103 69 1166 rati,
81 1118 144 1169 quae
160 1105 193 1154 lit
207 1105 328 1156 exercitii
342 1119 424 1156 causa
444 1105 478 1156 ad
497 1105 638 1156 veritatem
659 1105 746 1170 magis
769 1107 992 1168 cognoscendam,
1007 1119 1039 1157 ao
1087 1123 1090 1132 ’

22 1185 112 1225 errores
128 1175 303 1239 refutandos,
321 1189 380 1241 qoae
394 1177 468 1227 licita
491 1176 600 1244 quidem
621 1179 671 1239 est,
685 1178 711 1227 et
732 1175 763 1227 ad
786 1175 911 1225 meritum
924 1176 1039 1227 multum

22 1245 117 1296 moleri.
135 1245 272 1298 Gamales
288 1246 321 1298 ad
337 1261 395 1314 cap.
412 1245 479 1299 Cum
494 1261 527 1299 eo
547 1247 682 1313 injuncto,
695 1247 728 1298 de
749 1247 845 1298 haeret.
862 1245 912 1296 ilia
929 1247 1040 1311 insuper

23 1313 85 1366 ieret
97 1317 174 1368 licita
188 1318 218 1368 in
232 1331 299 1369 casu
312 1319 491 1376 necessitatis.
502 1319 544 1370 vel
558 1319 691 1379 utilitatis,
706 1319 790 1370 veluti
804 1319 867 1369 siin
881 1317 971 1382 aliquo
982 1319 1039 1371 1000

24 1391 81 1437 10001
91 1388 251 1452 haereticus,
265 1391 311 1455 qui
326 1390 418 1442 fideles
429 1396 606 1456 perverteret,
616 1403 667 1440 nec
678 1390 716 1440 ibi
726 1389 854 1441 adessent
864 1389 1040 1442 ecclesiastici

25 1457 90 1522 docti,
102 1461 151 1524 qui
166 1460 231 1511 iidei
249 1463 341 1526 partes
358 1463 532 1526 susciperent.
549 1461 671 1512 Barbosa
682 1461 716 1510 ad
732 1461 776 1512 cit.
792 1475 850 1528 cap.
863 1461 888 1510 1.
905 1459 1040 1512 Extremis

24 1527 121 1594 insuper
137 1531 217 1582 hisce
233 1533 409 1596 temporibus,
427 1533 526 1598 quibus
552 1531 724 1593 heredetas
746 1531 818 1583 athei
839 1532 959 1597 undique
979 1545 1039 1583 sca-

24 1603 77 1661 tant,
91 1616 149 1652 eam
171 1607 302 1666 putamus
316 1605 406 1654 inesse
431 1604 562 1655 rationem
585 1603 720 1664 utilitatis,
748 1605 775 1654 ei
790 1604 969 1664 necessitatis,
990 1615 1041 1667 per

25 1685 92 1735 qnam
108 1674 192 1725 tacite
205 1676 311 1739 possint
325 1676 444 1741 episcopi
458 1675 529 1726 hanc
555 1674 689 1726 licentiam
704 1675 859 1735 concedere,
875 1674 974 1726 debitis
992 1674 1039 1724 ob-

25 1746 127 1796 servetis
140 1746 266 1804 cautelis,
285 1747 366 1798 immo
380 1753 407 1797 et
421 1743 520 1798 eruditi
535 1745 629 1796 fideles
643 1746 699 1796 zelo
710 1745 848 1810 religionis
862 1746 965 1798 incensi
981 1759 1040 1796 eam

26 1814 68 1863 sibi
81 1817 198 1870 retinere
212 1818 407 1883 presumptive
423 1831 587 1880 concessam,
605 1821 635 1867 ut
658 1817 710 1868 rati
725 1821 787 1868 suut
806 1817 925 1882 plurimi,
944 1817 991 1884 qui
1011 1816 1039 1866 S.

26 1884 198 1952 Theologiem,
212 1891 240 1938 et
250 1890 297 1953 jus
307 1902 414 1939 sacrum
428 1888 584 1954 prolitentes
594 1891 686 1940 contra
696 1887 824 1939 Ecclesiae
837 1889 959 1940 inimicos
970 1894 1040 1940 stre·

27 1969 70 2008 nna
82 1958 264 2022 decertarunt,
282 1959 395 2010 etiibris
409 1961 437 2010 in
452 1959 526 2022 orbe,
540 1960 661 2010 oratione
683 1959 711 2009 in
725 1960 842 2023 circulis,
857 1974 888 2010 ac
906 1960 1041 2011 recitatio·

28 2027 96 2080 nibus
110 2030 138 2080 in
152 2025 254 2086 sobolis
274 2043 332 2082 rem
349 2030 530 2082 Christianam
543 2043 706 2095 magnopere
720 2033 857 2094 juvarunt.
878 2059 909 2068 -
921 2032 955 2096 (3)
974 2031 1041 2096 Gap.

30 2098 59 2158 18,
73 2101 104 2152 de
117 2101 217 2152 haeret.
234 2115 296 2153 can.
314 2102 355 2163 29,
369 2101 432 2154 dist.
452 2101 492 2165 23,
507 2104 534 2152 et
548 2102 615 2154 ratio
630 2105 680 2162 est,
703 2101 767 2166 quia
783 2115 798 2152 a
812 2102 936 2166 Domino,
949 2102 991 2154 vel
1006 2102 1042 2152 ab

29 2169 136 2223 Ecclesia
148 2172 308 2224 missionem
323 2187 378 2224 non
391 2173 503 2224 habant.
519 2200 546 2210 -
567 2173 602 2237 (i)
622 2174 648 2224 S.
664 2173 703 2223 De
716 2173 822 2237 Ligerio
835 2173 925 2224 Theoi.
938 2187 1005 2224 mor.
1021 2173 1040 2224 1.

30 2241 196 2302 81381.-
218 2243 251 2308 (5)
264 2243 316 2295 Η10
335 2244 491 2306 notandum,
511 2244 584 2310 quod
604 2244 647 2294 die
661 2244 767 2294 1010110
781 2247 807 2294 01
828 2243 933 2294 sabbati
957 2242 1042 2294 sancti

31 2314 164 2366 0111101110
177 2317 221 2365 est
231 2315 317 2366 oratio
330 2329 380 2380 pro
394 2316 569 2379 imperatore,
583 2316 683 2379 atejus
702 2328 798 2365 nomen
812 2315 841 2364 in
856 2313 963 2378 eouitet,
978 2315 1044 2380 quie

31 2383 66 2434 dic
78 2385 100 2447 s,
114 2385 233 2451 Augusti
247 2399 291 2436 an.
310 2385 377 2438 1806.
397 2386 548 2452 Imperator
570 2385 752 2436 Romanorum
773 2385 837 2436 hnic
859 2385 983 2449 dignitati
997 2400 1041 2438 re·

30 2457 163 2507 nunciavit.
179 2457 221 2508 Ita
235 2461 276 2508 est
291 2457 384 2521 praxis
401 2456 525 2508 ecclesiae
541 2455 679 2518 Romanas,
699 2460 726 2506 et
740 2457 777 2506 ita
798 2457 980 2521 praescribunt
992 2457 1042 2508 de-

31 2525 180 2579 curationes
190 2529 217 2578 S.
234 2528 365 2593 congreg.
383 2527 441 2578 Rit.
459 2528 488 2578 in
501 2541 556 2578 una
578 2522 749 2578 Sarsinoieu.
766 2528 781 2576 3
804 2541 865 2590 aug.
884 2527 953 2589 1839,
972 2528 1044 2579 etin
1102 2525 1107 2538 “

34 2597 78 2648 atie
88 2597 226 2652 1110111100.
239 2599 308 2663 tati.
318 2600 352 2652 V.
369 2599 495 2663 Corresp.
512 2598 546 2651 de
559 2599 637 2650 Rom.
647 2597 663 2650 i
672 2598 808 2663 septemb.
826 2598 895 2661 1851,
909 2611 972 2664 pag.
986 2597 1042 2649 352.

62 2785 102 2843 si.
119 2782 223 2844 Clerici
234 2782 424 2842 dividuntur:
442 2787 473 2842 1ο
486 2782 515 2841 11
527 2783 665 2858 majores,
679 2788 713 2841 ut
726 2781 874 2860 Episcopi,
889 2789 919 2843 et
928 2783 1045 2859 inferio

35 2887 83 2944 res,
97 2879 127 2932 ut
134 2873 284 2949 simplices
298 2872 477 2932 Sacerdotes
493 2891 499 2930 :
517 2877 548 2930 2⁰
562 2872 592 2930 in
606 2871 767 2947 reputares,
786 2872 880 2946 quiin
896 2871 1043 2947 claustris,

34 2967 59 3018 et
75 2963 234 3035 saculares,
259 2961 310 3038 qui
332 2966 418 3021 extra
436 2962 604 3020 claustrum
624 2960 728 3019 vivunt
751 2980 757 3018 :
779 2965 811 3020 30
828 2961 859 3018 in
874 2979 936 3036 eos,
950 2961 1045 3038 quiin

35 3050 126 3111 ordine
138 3069 238 3122 sacro,
255 3055 285 3110 et
299 3067 361 3122 eos,
384 3049 432 3126 qui
448 3049 597 3108 inordina
612 3066 672 3108 101
688 3066 774 3109 00010
788 3055 858 3109 0111
869 3050 1020 3110 0010111111
1035 3069 1041 3110 :
1095 3069 1098 3074 ¹

34 3142 59 3196 i⁰
70 3139 97 3197 in
110 3158 170 3214 eos,
188 3139 240 3216 qui
256 3138 387 3215 proprie,
404 3144 434 3197 at
445 3137 607 3214 improprie
621 3136 721 3197 clerici
735 3141 931 3214 appellantur.
943 3138 1047 3200 Clerici

34 3229 141 3304 proprie
159 3227 233 3288 dicti
247 3234 318 3287 sunt
336 3243 450 3299 omnes,
478 3243 555 3302 qnos
574 3225 623 3285 hio
639 3228 862 3302 1000101111ος
885 3227 1047 3304 improprie

36 3323 121 3378 1010111
133 3324 214 3391 sunt,
232 3316 360 3392 quisine
375 3323 499 3376 tonsura
514 3314 646 3374 habitum
662 3315 828 3376 clericalem
839 3318 985 3377 deferunt.

64 3406 307 3468 6811010110οο
324 3405 488 3480 improprie
503 3404 600 3464 dictos
620 3406 720 3479 plures
733 3407 911 3480 referuntur,
931 3405 982 3481 qui
999 3407 1043 3466 in-

39 3494 139 3557 terdum
149 3494 330 3556 clericorum
345 3491 516 3570 privilegiis,
536 3491 746 3570 favoribusque
759 3495 917 3555 donantur.
938 3498 1045 3572 Hujus·

35 3583 108 3642 modi
126 3591 196 3646 sunt
217 3582 351 3645 itonachi
372 3581 498 3660 proiessi
515 3583 597 3642 nullo
617 3581 720 3642 ordino
743 3581 883 3659 insigniti,
904 3585 1043 3662 probata·
