2490 4088
581 267 723 325 ,40-

141 391 230 443 culum
252 389 378 452 sancum,
395 389 438 441 vel
462 387 611 441 cannabem
631 389 738 455 pendet.
757 387 848 440 Devoti
861 387 926 440 last.
943 401 1003 441 can.
1018 388 1047 441 in
1059 388 1162 456 proleg.

142 462 236 527 oapi,
252 461 264 528 ξ
278 461 309 513 95
321 464 348 512 et
364 474 439 527 seqq.

176 625 220 681 32.
242 619 416 696 Legitimum
435 639 555 699 quoque
579 620 742 682 Concilium
759 622 879 684 academ
898 619 1038 682 facultate
1060 620 1163 698 pollet.

140 711 224 782 Quod
237 710 330 771 Latini
344 711 517 786 Concilium,
532 710 625 771 Graeci
639 711 794 787 synodum
816 718 942 784 vocent,
959 717 990 771 et
1009 717 1055 770 est
1076 717 1167 771 catus

139 800 338 860 Pralatorura
356 801 395 860 ud
411 801 600 860 ecclesiastiea
626 799 741 876 hepatia
771 800 938 876 definienda
956 800 1081 875 legitime
1100 816 1165 860 eoa
1237 835 1238 838 =

138 897 318 949 vocatorum.
335 889 463 950 concilia
476 889 647 949 dividuntur
660 888 690 947 in
706 887 871 960 decoratio,
893 906 946 948 seu
961 889 1163 964 OEuuaoat'ea,
1237 887 1238 892 ’

140 984 170 1036 et
181 979 393 1052 Particularia,
408 979 470 1038 sive
487 979 598 1054 Topica.
613 978 656 1037 hd
670 980 812 1038 Generale
827 976 989 1038 Concilium
1012 979 1100 1053 cujus
1119 990 1166 1038 est

141 1067 321 1127 catholicum
338 1068 447 1144 dogma
459 1065 594 1139 delinire,
609 1073 639 1127 et
663 1083 792 1140 morum,
810 1065 1031 1142 disciplinaque
1044 1067 1165 1142 regulas

139 1161 280 1230 statuere,
295 1163 422 1233 quatuor
435 1155 627 1233 requiruntur
643 1174 650 1214 :
666 1162 699 1215 ut
719 1173 738 1214 a
756 1160 878 1215 Summo
890 1154 1030 1214 Pontifice
1050 1153 1164 1216 indice-

75 1305 78 1314 ,
141 1249 201 1316 tur;
217 1255 250 1305 ut
262 1245 326 1322 ipse
335 1246 432 1306 eidem
445 1246 613 1320 perse,vel
627 1261 682 1321 per
696 1261 767 1305 suos
780 1249 906 1320 Legatos
920 1243 1037 1319 praesit;
1050 1249 1084 1302 ut
1099 1259 1165 1305 om·
1238 1241 1239 1244 ’

140 1351 195 1394 nes
204 1340 407 1395 convocentur
417 1333 554 1410 Episcopi
566 1337 618 1408 (l),
632 1340 662 1394 et
674 1340 707 1394 ut
717 1334 755 1393 ab
773 1332 880 1394 eodem
895 1333 1037 1392 Pontillce
1052 1333 1165 1394 oonllr-

141 1431 239 1485 metur
251 1428 303 1498 (a).
318 1430 429 1484 Praeter
442 1422 607 1499 Episcopus
616 1429 716 1484 mmen
728 1421 1027 1498 adipsumvooantur
1036 1427 1065 1482 S.
1075 1427 1164 1484 Rom.
1238 1483 1239 1488 ,

141 1514 281 1574 Ecclesiae
292 1512 469 1587 cardinales,
484 1512 535 1590 qui
553 1512 651 1574 eidem
670 1519 739 1600 post
762 1511 939 1573 Pontificem
961 1512 1165 1587 subscribunt,

141 1603 406 1664 ethhhatesetiam
419 1602 578 1676 benedicti,
594 1602 795 1678 Ordinumque
816 1601 1005 1678 Regularium
1025 1603 1166 1678 superio·
1239 1645 1240 1648 ,

141 1708 191 1751 res
205 1694 370 1753 Generales.
386 1696 664 1767 Interessequoque
678 1693 775 1752 solent
788 1691 939 1767 principes
952 1690 1093 1752 catholici
1109 1709 1165 1768 per

142 1797 176 1840 se
188 1783 236 1840 vel
249 1797 304 1856 per
323 1785 448 1855 Legatos
467 1795 550 1853 suos,
571 1785 601 1839 et
623 1779 671 1839 alii
692 1785 850 1853 Doctores3
875 1787 905 1840 et
927 1779 967 1840 illi
987 1779 1110 1856 quidem
1132 1789 1166 1842 ut

142 1869 293 1942 custodes,
307 1886 344 1928 ac
354 1867 501 1940 vindices;
516 1867 547 1926 hi
560 1883 633 1927 vero
644 1875 677 1928 ut
692 1874 844 1942 Doctores,
859 1875 889 1928 et
903 1868 1049 1944 Magistri(
1069 1873 1091 1943 l.

179 1957 340 2018 Concilium
362 1974 434 2017 vero
455 1957 631 2033 particulare
646 1964 702 2031 est,
722 1957 803 2034 quod
826 1958 856 2017 in
877 1958 975 2034 aliqua
997 1958 1163 2034 Provincia,

143 2047 191 2106 vel
204 2047 330 2107 hioecesi
341 2047 523 2119 celebratum
540 2046 618 2106 unde
643 2045 722 2107 aliud
741 2045 932 2120 provinciale,
948 2053 979 2106 et
992 2047 1073 2108 eliud
1084 2048 1165 2109 uioe-
1240 2045 1241 2062 l

142 2151 283 2196 cesanum
297 2136 413 2196 dicitur.
429 2134 610 2196 provinciale
624 2135 662 2194 ab
672 2153 708 2196 eo
721 2135 847 2212 cogitur,
861 2136 912 2212 qui
933 2137 986 2196 toti
1003 2138 1166 2216 Provincias

141 2232 260 2301 praeest,
275 2233 304 2286 et
316 2243 353 2286 ex
368 2223 531 2284 Provinciae
552 2225 716 2302 Episcopis,
732 2232 762 2286 et
781 2226 912 2286 Praelatis
928 2226 1167 2302 jurisdictionem

143 2318 227 2396 quasi
239 2319 440 2396 episcopalem
452 2318 630 2379 habentibus
643 2317 842 2394 componitur,
855 2319 906 2395 qui
921 2337 1026 2381 omues
1044 2323 1094 2398 jus
1111 2322 1166 2383 ha-

141 2408 214 2468 bent
227 2407 348 2468 decisivi
361 2407 502 2484 suffragii,
518 2425 577 2483 quo
588 2408 656 2482 jure
670 2407 759 2467 etiam
775 2407 940 2484 Capitulum
956 2410 1096 2471 Ecclesiae
1111 2417 1166 2473 Ga·

142 2495 282 2556 thedralis
296 2503 431 2571 tempore
444 2495 523 2555 sedis
535 2495 668 2556 vacantis
680 2496 797 2557 fruitur.
813 2496 914 2573 Agitur
926 2497 957 2557 in
980 2516 1018 2559 eo
1038 2500 1077 2561 dc
1098 2517 1165 2562 om·
1236 2555 1241 2574 ,

114 2625 117 2633 -
142 2585 228 2644 nibus
241 2585 403 2645 Provinciae
417 2584 552 2661 negotiis,
564 2585 676 2661 justitia
686 2584 822 2646 redditur
833 2603 894 2646 non
908 2589 1006 2648 solum
1018 2588 1165 2665 perviam

92 2750 95 2757 Ι
141 2673 357 2752 appellationis,
371 2675 424 2735 sed
441 2680 471 2734 et
494 2691 548 2750 per
569 2675 692 2734 modum
705 2673 852 2752 simplicis
873 2678 1013 2754 querelae,
1031 2683 1061 2737 et
1081 2679 1165 2754 leges

141 2775 317 2845 opportunae
331 2769 501 2829 conduntur
514 2768 552 2828 ad
565 2784 665 2838 mores
678 2768 894 2840 reformandos,
920 2777 951 2829 et
970 2769 1008 2830 ed
1030 2769 1164 2847 discipli·

140 2874 210 2917 nam
223 2857 454 2919 ecclesiasticam
467 2857 630 2933 collapsam
643 2856 857 2918 restituendam
869 2875 877 2932 3
894 2866 925 2918 at
943 2864 1049 2919 contra
1059 2876 1164 2921 sacros

142 2963 271 3006 canones
285 2947 323 3006 ab
334 2947 465 3007 Ecclesia
478 2946 631 3022 probatos,
647 2952 698 3005 aut
712 2947 750 3006 de
764 2947 835 3022 fide,
851 2953 903 3008 aut
918 2947 959 3008 de
976 2948 1165 3024 gravioribus

141 3035 357 3112 Episcoporum
370 3035 469 3096 causis
492 3034 533 3095 nil
547 3041 647 3111 potest
667 3036 798 3097 decerni.
823 3040 983 3114 Propterea
1006 3039 1065 3098 tale
1086 3041 1164 3099 Con·

17 3169 20 3178 .
141 3125 240 3185 cilium
254 3133 413 3203 antequam
424 3125 590 3202 publicetur
599 3142 653 3200 per
667 3130 789 3186 Sacram
806 3126 1072 3204 congregationem
1085 3131 1164 3189 Con·

141 3213 200 3273 cilii
214 3222 258 3274 est
268 3215 486 3285 revidendum(
507 3220 527 3287 ).
905 3267 910 3274 .

176 3299 300 3354 hemum
314 3294 700 3369 conciliumltioecesanum,
722 3294 845 3372 singulis
866 3297 1003 3359 anaiade
1021 3299 1089 3376 jure
1108 3300 1164 3361 ha-

139 3383 282 3457 bendum,
297 3383 486 3444 indiciturab
499 3384 652 3460 episcopo,
677 3385 727 3461 qui
748 3388 838 3461 solus,
863 3403 932 3447 cum
954 3386 985 3446 in
999 3405 1036 3448 eo
1059 3389 1163 3450 sedeat

143 3479 291 3547 tamquam
303 3475 408 3547 iudex,
422 3476 471 3548 ius
483 3475 572 3534 habet
591 3476 670 3549 pleni
684 3469 825 3552 suffragii.
850 3477 893 3537 ad
915 3477 974 3536 hoc
988 3478 1160 3552 Concilium,

139 3561 169 3620 in
191 3563 310 3636 quode
333 3564 422 3622 rebus
445 3563 483 3622 ad
507 3580 618 3638 mores,
639 3571 670 3623 et
694 3566 732 3624 ad
746 3565 931 3642 disciplinam
944 3567 1161 3642 pertinentibus

140 3651 247 3726 agitur,
277 3668 382 3713 omnes
396 3660 541 3714 vocantur
559 3652 825 3731 archipresbyteri,
840 3655 973 3730 Peroohi,
1000 3663 1030 3717 et
1052 3656 1161 3718 Benefi-
