2566 4102
620 149 757 196 ..Ἡι-

209 267 363 322 hasotnrro
376 257 537 320 acensuris
549 275 568 318 a
580 274 640 334 quo
652 257 751 317 danda
763 259 830 330 2973
846 256 998 334 quomodo
1011 255 1109 316 danda
1123 257 1193 328 788,

173 350 212 411 66
226 350 382 421 cautelam,
397 354 427 408 et
441 348 479 406 ad
492 346 616 423 gratiam
630 346 821 406 obtinendam
831 345 881 418 76,
891 350 917 405 3.
929 344 1041 417 Quibus
1055 344 1121 403 baeo
1133 359 1196 402 non

174 439 269 516 prosit
279 437 317 498 ib.
333 437 376 498 66
388 435 612 497 reincidentiam
622 435 672 508 76,
687 441 713 496 t.
728 439 819 495 Casus
832 438 919 510 Papae
932 433 1075 494 reservati
1088 435 1151 493 386.

207 533 342 588 amusos
355 524 386 585 in
400 524 593 586 electionibus
604 529 668 597 lat,
688 528 719 598 33
735 524 766 583 in
780 521 1001 584 beneficialibus
1014 525 1079 598 867,
1094 525 1145 596 77,
1163 518 1196 580 in

175 615 398 678 renunciatione
409 617 473 687 573,
485 617 511 672 6.

208 711 368 766 66666666
377 703 501 778 eJusque
515 700 646 762 officium
661 705 723 762 779.

207 779 359 854 lcoo‘srrro
373 797 436 852 887.
452 791 606 862 Quomodo
620 797 650 850 et
662 808 681 849 a
695 807 754 866 quo
769 790 833 850 lieri
845 789 938 867 possit
949 789 1023 864 to.‚l
1037 795 1064 850 et
1076 792 1109 860 23
1121 785 1196 864 quid

172 883 305 958 moribus
317 880 469 942 hodiernis
479 881 654 940 observetur
664 879 700 939 ib.
712 877 874 940 Discrimen
887 897 906 938 e
920 877 1146 940 denunciatione
1164 897 1199 951 et

172 970 362 1048 inquisitione
374 973 438 1043 898,
448 973 475 1029 7.

209 1065 302 1120 Aaron
315 1063 377 1120 766.
394 1057 469 1132 Quid
482 1070 570 1134 agere
584 1056 691 1117 debeat
703 1056 756 1129 6,,
774 1055 859 1134 sequi
871 1057 959 1118 debet
970 1059 1121 1123 iorumrei
1130 1067 1196 1127 766.

172 1155 242 1212 lura
254 1149 364 1209 actoris
376 1154 480 1208 contra
492 1163 578 1208 reum
593 1152 799 1206 contumacem
814 1151 875 1207 788.

208 1244 440 1300 6666666666
453 1236 602 1296 bonorum
616 1235 755 1295 Ecclesiae
769 1234 850 1308 (Vide
864 1237 948 1298 Boou
961 1236 1114 1312 hortata.)

205 1333 329 1388 666666
345 1333 375 1388 et
387 1331 550 1386 66666766
562 1326 627 1384 ata.
650 1323 762 1396 Quibus
775 1323 805 1383 in
828 1325 945 1386 casibus
968 1343 1009 1386 ax
1022 1343 1058 1387 aa
1080 1328 1197 1391 oriatrtr

170 1415 420 1492 impedimentum·
429 1413 572 1476 dirimens
585 1411 805 1474 matrimonium
815 1417 883 1489 ³⁷33
899 1431 938 1474 an
951 1416 1063 1477 oriatur
1071 1433 1111 1480 en
1120 1417 1196 1480 ado-

172 1505 274 1582 ptione
288 1504 414 1581 simplici
427 1503 477 1578 ib,
492 1507 519 1564 9.

206 1601 387 1656 6666667666
400 1596 463 1652 278.
480 1593 548 1668 Ejus
562 1581 660 1668 poenae
672 1590 710 1652 ib.
726 1591 848 1665 Quando
863 1608 903 1652 en
921 1609 958 1653 eo
971 1593 1084 1656 oriatur
1098 1593 1195 1673 impe-

172 1682 337 1744 dimentum
350 1681 389 1742 ad
402 1678 622 1741 matrimonium
635 1683 697 1738 388.

206 1779 368 1834 66666666
386 1774 449 1841 752,
465 1774 496 1842 l;
509 1771 574 1844 ejus
585 1767 717 1828 officium
729 1772 792 1828 768.
807 1768 876 1843 Quis
889 1770 996 1832 abhoc
1010 1771 1109 1833 officio
1120 1789 1196 1848 pro·

170 1860 306 1920 hibeatur
319 1859 369 1933 tu,
383 1863 411 1918 8.
428 1857 550 1929 Quando
564 1864 692 1934 nequeat
711 1855 823 1933 pacisci
842 1875 911 1920 cum
930 1876 986 1920 suo
1004 1861 1192 1924 6176676769.

170 1949 336 2013 advocatus
352 1945 460 2008 fiscalis
474 1950 537 2020 767,
551 1949 578 2006 l.
649 2009 652 2014 ,
691 1989 695 1994 -

206 2044 344 2099 6666666
359 2035 573 2098 heneueiorum
583 2039 651 2108 5033
665 2035 783 2111 666666
797 2035 955 2098 inducatur
968 2035 1031 2099 ott.

207 2133 355 2188 hrrrmris
366 2130 430 2186 886.
449 2125 570 2184 lineola
583 2123 725 2185 affinitate
739 2124 826 2200 primi
840 2109 1061 2202 generis'oritur
1072 2129 1195 2208 impedi·

169 2221 304 2278 mentum
325 2215 363 2274 ad
389 2212 610 2274 matrimonium
621 2213 663 2272 77.
681 2217 761 2274 Inter
782 2229 857 2290 qnos
879 2215 986 2275 habeat
1007 2217 1108 2278 locum
1128 2223 1192 2281 887.

169 2305 294 2367 Schema
304 2303 420 2364 arboris
432 2301 580 2363 affinitatis
589 2301 639 2374 ib„
650 2307 676 2363 2.
689 2303 807 2380 Regulae
818 2303 1035 2366 interdictionis
1044 2306 1196 2369 matrimo-

170 2391 212 2454 nii
225 2397 289 2467 382,
304 2397 332 2453 l.
577 2458 580 2462 ,

204 2488 311 2544 66667
324 2487 354 2542 67
368 2482 490 2558 Cognati
502 2485 564 2542 376.

201 2579 354 2634 6666666
363 2575 432 2644 706,
444 2571 565 2647 propria
573 2575 603 2630 et
611 2569 773 2647 impropria
784 2571 837 2645 ib.;
850 2578 978 2649 utraque
985 2579 1031 2633 est
1040 2575 1189 2649 prohibita

166 2659 299 2722 inbonis
317 2659 523 2720 ecclesiasticis
537 2659 586 2732 76,
605 2665 629 2720 7.
646 2664 716 2730 Quae
739 2661 819 2720 bona
832 2661 1037 2734 ecclesiastica
1056 2663 1194 2726 adhunc

164 2751 304 2812 effectum
316 2748 353 2808 ib.
370 2753 427 2808 Res
440 2747 562 2808 alienari
582 2747 737 2824 prohibitae
751 2753 822 2822 70³3
841 2749 912 2825 quid
926 2751 964 2810 de
982 2768 1074 2826 grege
1088 2752 1192 2815 ovium

165 2844 196 2900 et
208 2838 246 2899 de
260 2838 386 2914 pecunia
398 2837 435 2896 ib.
453 2843 542 2896 66766
556 2837 606 2912 qui
620 2837 828 2898 alienationem
843 2839 1020 2914 prohibitam
1035 2841 1192 2902 continent
1276 2905 1277 2914 ¹

157 2927 318 2999 tersorio
338 2927 377 2986 de
394 2925 599 3002 repudiatione
619 2925 809 3000 haereditatis,
824 2929 872 2986 vel
892 2928 982 3003 legati
1001 2929 1050 3002 o,
1068 2935 1099 3002 ¹3
1117 2931 1193 3006 quid
1276 2969 1277 2988 i

166 3018 204 3078 de
221 3015 402 3091 hypotheca,
421 3013 636 3088 compromisso
656 3021 685 3074 et
706 3015 906 3075 transactione
924 3016 974 3089 ib,
991 3021 1017 3076 3.
1036 3019 1192 3087 Quomodo

167 3104 312 3182 procedat
324 3102 441 3164 nullitas
458 3102 567 3164 harum
581 3103 793 3164 alienationum
807 3109 869 3164 766.
887 3109 957 3174 Quae
971 3106 1104 3166 actiones
1118 3107 1194 3168 den·
1275 3103 1276 3106 ’

166 3199 215 3252 tur
229 3191 368 3252 Ecclesiae
379 3191 420 3278 ob
438 3190 617 3264 prohibitam
639 3191 845 3252 alienationem
859 3197 921 3252 766.
938 3193 981 3254 66
998 3194 1069 3269 quid
1088 3185 1196 3256 tendat
1275 3245 1276 3250 ,

166 3282 244 3342 actio
255 3279 299 3340 rei
307 3277 510 3352 vindicatoria,
521 3285 551 3338 et
562 3297 578 3339 a
591 3295 651 3355 quo
661 3279 799 3338 intentari
813 3281 963 3355 queatib.;
979 3283 1016 3340 ad
1026 3283 1098 3358 quid
1109 3285 1189 3346 actio
1275 3277 1276 3286 ³

168 3369 334 3448 personalis
347 3367 383 3428 ib.
394 3371 493 3428 Poenae
507 3374 612 3428 contra
621 3370 699 3428 male
712 3369 875 3428 alienantes
884 3373 946 3430 767.
958 3369 1032 3440 Quid
1044 3371 1083 3431 de
1092 3373 1192 3434 obser·
1274 3399 1275 3404 ¹

166 3459 268 3520 nantia
279 3458 503 3534 Extravagantia
512 3456 675 3517 Ambitiosa
687 3457 737 3528 th,
747 3463 774 3517 6.
789 3457 901 3530 Quibus
909 3457 939 3517 in
951 3458 1069 3519 casibus
1081 3459 1191 3522 aliena·
1274 3517 1275 3524 ,

168 3548 210 3609 tio
222 3546 410 3627 permittatur
421 3551 491 3624 '1083
542 3544 682 3608 rmittitur
693 3545 724 3606 in
735 3547 836 3623 rebus,
850 3563 917 3623 quae
925 3548 1072 3609 servando
1082 3551 1195 3612 servari
1274 3537 1275 3552 ¹
