2566 4102
555 225 689 282 -l3-

103 343 342 422 Polemonique
358 345 526 407 additiones
543 353 612 406 sunt
631 363 670 408 er
690 346 801 408 veriori
816 346 963 408 sententia
975 345 1033 423 ipsi
1052 345 1138 423 operi

103 433 146 491 ab
157 435 223 494 alio
235 442 359 496 auctore
372 435 590 496 consarcinata
605 439 657 506 (2).

141 526 181 580 ln
197 524 385 584 documentis
400 523 573 601 colligendis
583 525 622 585 ab
638 523 702 584 aliis
715 523 974 600 praeexistentibus
988 541 1138 588 canonum

102 612 352 687 collectionibus,
374 631 411 674 ac
433 613 598 690 presertim
624 631 642 674 c
668 613 846 674 oolleotioue
869 613 1003 690 praedicti
1022 613 1138 690 isidori,

103 701 270 760 Gratianus
282 702 429 778 deceptus
439 703 502 776 luit,
517 704 670 780 multaque
693 703 767 762 falsa
787 718 843 778 pro
858 703 938 762 veris
952 702 1091 764 traduxit.
1103 709 1140 764 nt

102 790 239 848 Romani
253 790 409 850 Pontifices
422 792 479 850 hos
501 792 661 852 emendare
677 805 797 850 errores
815 790 918 851 sedulo
940 797 1093 866 curarunt,
1108 797 1139 853 et

102 879 235 937 tandem
247 883 409 940 Decretum
421 880 521 956 ipsum
542 879 732 940 emendatum
753 879 832 955 typis
844 879 980 940 mandari
996 881 1139 958 praecepit
1169 887 1171 892 '

4 1024 7 1039 ,
103 967 274 1042 Gregorius
284 971 358 1041 lllll,
374 967 414 1028 ita
428 975 461 1028 ut
474 969 546 1050 nibil
561 968 588 1029 ei
597 967 676 1042 addi,
692 967 864 1030 autmutari
874 967 1001 1044 emplius
1016 975 1138 1044 posset,

104 1061 142 1114 ut
156 1056 268 1130 legitur
281 1057 313 1115 in
331 1058 396 1133 ejus
410 1059 490 1118 Bulla
502 1058 533 1116 in
545 1058 643 1118 fronte
657 1055 757 1133 operis
771 1057 916 1132 apposita,
932 1074 999 1133 quae
1016 1057 1135 1134 incipit:

7 1140 10 1161 ¹
107 1142 191 1203 Cum
200 1163 399 1220 promouere.
412 1146 1137 1224 Nihilominusbpostolicaauctoritatenumqucm

104 1232 165 1292 fuit
179 1235 406 1309 confirmatum3
419 1241 449 1296 et
461 1235 529 1296 ideo
543 1251 648 1295 omnes
662 1251 804 1308 oenones,
826 1233 921 1310 quiin
944 1234 1051 1295 eodem
1066 1252 1139 1295 oou-

103 1321 253 1398 tinentur,
265 1324 341 1400 legis
359 1324 567 1384 auctoritatem
583 1341 644 1384 non
668 1323 789 1398 habent,
812 1322 868 1384 nisi
893 1339 960 1386 eam
978 1341 996 1383 a
1015 1324 1139 1400 proprio

106 1419 236 1473 auctore
250 1419 498 1490 consequantur(
518 1419 539 1487 ).
1208 1413 1211 1426 ’

141 1538 178 1602 (l)
192 1538 315 1590 Gratiani
326 1551 393 1605 opus
403 1539 432 1590 iu
442 1539 551 1604 scholis,
565 1541 592 1590 et
606 1540 633 1590 in
643 1539 701 1590 loro
715 1537 828 1602 allegari
837 1539 905 1590 solat
917 1537 1007 1604 quoad
1021 1537 1139 1604 primam

109 1613 216 1672 partem
227 1611 266 1661 ite
278 1624 321 1660 ex.
335 1624 374 1675 gr.
390 1624 449 1664 oon.
458 1609 499 1662 bis
512 1611 598 1676 1011111
612 1611 634 1663 3.
646 1611 709 1662 dist.
720 1609 761 1660 2³.
771 1609 865 1672 Quoad
879 1610 1024 1661 secundam
1033 1613 1139 1674 partem

111 1681 150 1730 ita
160 1695 204 1731 ex.
219 1695 261 1743 gr.
278 1694 337 1732 ocu.
353 1681 535 1746 susciptum
549 1681 573 1732 9.
591 1695 666 1734 caus.
680 1683 704 1732 8.
719 1685 816 1746 quast.
828 1680 849 1742 ¹3
865 1681 918 1732 nisi
931 1684 1028 1746 agatur
1040 1681 1072 1731 de
1084 1694 1139 1745 po·

4 1756 20 1813 ,“.
110 1751 241 1816 nitentia,
256 1752 291 1803 de
309 1766 363 1816 qua
387 1753 424 1802 ita
440 1754 470 1802 lit
483 1753 605 1817 allegatio
619 1767 662 1804 er.
676 1766 717 1818 gr.
732 1765 791 1804 ocu.
815 1751 884 1804 nibil
902 1749 1009 1817 prodest
1022 1751 1062 1804 21.
1076 1751 1140 1803 dist.

112 1825 135 1874 3,
146 1822 387 1887 deposuitQuocd
401 1823 509 1874 tertiam
519 1827 624 1888 partem
638 1825 676 1874 ita
686 1837 727 1874 ex.
739 1822 1030 1886 gncannuasanum
1044 1822 1066 1873 1.
1076 1823 1139 1873 dist.

17 1943 21 1955 ,
111 1895 180 1946 1.ᾱο
194 1899 346 1946 consecrat.
355 1895 389 1944 Et
401 1893 501 1958 legitur
515 1895 542 1944 in
552 1895 638 1959 primo
653 1907 731 1946 casu:
744 1906 845 1944 cunone
859 1893 900 1946 bt's
913 1893 1000 1957 icitur
1012 1893 1139 1944 tertiodi-

111 1965 258 2016 stinctione
270 1965 403 2030 vigesima
416 1966 515 2016 tertia:
530 1965 686 2016 insecundo
700 1977 766 2015 casu
780 1965 880 2030 legitur
894 1984 901 2014 ι
915 1977 1017 2016 conone
1030 1963 1061 2016 in
1072 1963 1140 2016 sus-

3 2031 4 2060 ³
109 2036 199 2100 pruris
213 2049 286 2087 nono
301 2049 384 2086 causa
395 2041 488 2087 octova
503 2036 651 2101 quastione
665 2036 770 2102 prima;
785 2041 811 2086 et
823 2035 939 2086 intortio
953 2048 1018 2086 casu
1028 2035 1139 2100 legitur:

111 2121 214 2158 canone
229 2105 410 2158 necessarium
422 2107 510 2172 primo
525 2107 695 2158 distinctione
710 2110 808 2172 quarta
827 2108 861 2158 da
882 2107 1090 2158 consecratione.
1105 2107 1142 2158 At

13 2176 16 2182 '
111 2178 276 2243 quandoque
301 2177 432 2228 omittitur
448 2177 609 2228 vocabulum
632 2178 745 2240 initiale,
766 2181 814 2228 aut
826 2189 957 2230 numerus
970 2178 1082 2228 canonis
1095 2189 1139 2229 ex.

110 2264 150 2314 gr.
167 2263 229 2300 can.
243 2249 268 2299 3.
284 2248 346 2299 dist.
362 2249 402 2300 23.
417 2247 592 2302 eutrochia
608 2249 696 2314 icitur
709 2249 772 2300 dist.
787 2248 827 2298 13.
884 2247 886 2253 ’

11 2350 21 2390 7
141 2321 177 2384 (1)
190 2319 465 2384 comprehenduntur
479 2333 586 2386 quoque
603 2322 631 2370 iu
646 2321 760 2372 Decreto
775 2320 829 2370 alic
841 2319 929 2384 cupita
938 2319 1141 2384 depromptaox

6 2410 23 2446 ,ι
113 2391 312 2455 capitularibus
333 2389 438 2456 Regum
460 2391 634 2450 Francorum,
657 2405 689 2442 ex
718 2391 857 2456 rescriptis
882 2389 1087 2453 Imperatorum,
1108 2403 1141 2440 er

3 2458 9 2479 ³
111 2461 295 2526 scriptoribus
310 2463 405 2524 sacris,
419 2465 446 2512 et
459 2475 492 2512 ex
505 2461 620 2513 historia
632 2461 823 2513 ecclesiastice.
840 2461 934 2522 Quoad
954 2474 1070 2511 canones
1090 2473 1139 2510 no-

109 2537 179 2584 tatos
193 2533 277 2584 Polou
291 2533 539 2594 animadvertimus,
549 2534 600 2584 hoc
613 2533 776 2584 vocabulum
789 2532 876 2583 videri
892 2532 947 2582 illis
958 2531 1137 2595 inscriptum:

109 2606 152 2656 vel
165 2619 182 2656 a
196 2604 306 2655 nomine
319 2605 447 2667 auctoris,
458 2604 504 2669 qui
519 2617 565 2658 eos
579 2605 608 2655 iu
622 2603 762 2656 decretum
776 2603 889 2653 immisit
901 2623 907 2663 3
923 2602 966 2654 vel
978 2615 1011 2652 ex
1023 2616 1054 2653 oo
1068 2601 1141 2665 quod

6 2697 9 2708 ·
110 2676 138 2726 in
152 2675 196 2725 bis
210 2673 281 2726 levia
295 2688 326 2724 ac
339 2675 442 2726 nullius
455 2675 589 2737 momenti,
612 2680 643 2727 ut
656 2676 753 2742 paloae,
780 2675 986 2733 contineantur3
1001 2672 1044 2722 vel
1060 2685 1093 2724 ex
1109 2686 1140 2724 eo

109 2748 207 2810 potiuS,
221 2745 293 2811 quod
306 2747 360 2796 sint
370 2746 529 2808 additiones„
541 2747 617 2798 iactae
630 2745 779 2798 canonibus
794 2745 896 2796 decreti
911 2758 965 2795 non
975 2757 991 2794 a
1002 2743 1139 2804 Gratiano,

110 2818 157 2868 sed
172 2817 209 2867 ab
225 2817 350 2866 eliseum
365 2817 540 2880 inscriptione
553 2821 610 2882 post
624 2818 690 2880 otio,
705 2817 749 2867 vel
764 2817 794 2868 P.
809 2815 875 2877 alio,
891 2829 922 2866 ex
939 2828 993 2879 quo
1012 2813 1138 2864 librario-

109 2903 169 2938 rum
184 2901 279 2938 errore
294 2891 415 2937 exortum
429 2889 465 2937 sit
478 2889 640 2939 vocabulum
655 2887 747 2940 Puteo.
770 2886 864 2938 Devoti
879 2885 906 2935 iu
921 2883 1025 2952 proleg.
1041 2897 1101 2948 cap.
1115 2882 1138 2932 6.

109 2959 262 3022 1110110
276 2961 332 3008 not.
356 2985 382 2992 -
406 2958 441 3022 (3)
460 2958 527 3010 Haec
547 2960 680 3010 sententia
702 2961 795 3009 nostra
814 2971 868 3008 non
891 2961 944 3016 est,
961 2955 1009 3006 sed
1023 2954 1138 3005 Remedi-

109 3031 144 3082 eti
163 3029 231 3080 XlV
250 3029 297 3093 qui
315 3029 353 3079 ita
373 3029 495 3094 scripsit:
511 3049 525 3074 a
540 3029 661 3080 Gratiani
675 3030 828 3090 Decretum,
843 3026 1015 3093 quantumvis
1036 3025 1140 3090 plurios

107 3123 121 3146 a
138 3101 325 3152 Romanorum
342 3099 501 3150 Pontificum
525 3115 591 3152 oura
612 3100 785 3152 emendatum
810 3099 894 3150 luisse
916 3111 970 3148 uon
991 3099 1139 3162 ignoretur,

108 3194 121 3218 a
137 3172 194 3222 vim
208 3176 236 3222 et
251 3169 358 3234 pondus
373 3170 440 3234 legis
453 3185 507 3222 nou
521 3171 613 3233 habet,
628 3172 695 3237 quin
710 3173 791 3222 immo
806 3171 876 3221 inter
893 3181 986 3220 omues
999 3170 1140 3232 receptum

107 3266 120 3289 a
138 3251 189 3306 est,
198 3241 332 3306 quidquid
343 3243 371 3291 in
382 3243 441 3304 ipso
452 3243 613 3305 continetur,
628 3248 735 3294 tautum
748 3241 917 3293 auctoritatis
928 3240 1039 3304 habere,
1052 3251 1138 3304 quau·

108 3336 118 3362 ι
136 3318 193 3364 111111
210 3326 246 3364 ex
261 3326 291 3362 se
300 3312 449 3374 habuisset,
464 3313 487 3363 si
498 3327 646 3378 numquam
657 3313 685 3364 in
696 3313 821 3364 Gratiani
833 3310 990 3363 collectione
1007 3314 1139 3361 insertum

107 3408 119 3430 ιι
136 3387 214 3436 foret.
236 3401 247 3429 1
263 3384 303 3433 De
318 3382 417 3446 Synod.
433 3384 450 3432 1.
465 3385 489 3434 l.
510 3399 534 3436 0.
558 3385 595 3434 15.
613 3398 640 3434 n.
658 3385 683 3435 o.
699 3386 769 3435 Sunt
783 3387 874 3435 tamen
888 3382 934 3447 qui
949 3380 1071 3433 Gratiani
1089 3381 1137 3430 da-

105 3460 177 3510 01010
193 3454 266 3518 legis
279 3455 466 3505 auctoritatem
476 3456 599 3506 tribuunt
609 3470 615 3500 :
627 3461 684 3506 tum
703 3456 766 3522 quia
786 3457 942 3522 supponunt
955 3453 1138 3520 approbatum

105 3531 138 3580 ab
153 3525 279 3591 lingerio
293 3525 336 3576 111
350 3531 377 3576 at
390 3539 406 3576 a
419 3526 497 3578 citato
512 3527 731 3592 GregorioXlIl;
745 3531 803 3577 tum
814 3525 878 3591 quia
893 3524 1085 3577 universaliter
1098 3523 1137 3573 ita

106 3602 248 3666 receptum
261 3597 322 3663 suit,
336 3601 367 3650 ut
382 3597 491 3662 publico
508 3598 538 3651 in
555 3598 655 3652 sobolis
673 3598 818 3666 legeretur,
835 3600 863 3648 et
875 3596 1021 3650 haberetur
1034 3595 1063 3646 in
1076 3593 1135 3646 foro
