2490 4088
567 211 709 266 ..76-

128 336 304 399 usurparunt,
319 334 466 385 conventus
480 331 676 396 religiosorum,
687 331 859 394 monasteria,
868 331 1011 394 beneficia,
1025 334 1052 383 et
1064 331 1151 384 ecole-

130 404 185 457 sias
195 404 395 465 subverterunt,
406 401 583 468 cultuumque
595 403 747 454 libertatem
756 401 968 470 proclamarunt,
977 403 1049 468 quod
1058 404 1152 470 quovis
1230 423 1231 426 ¹

130 476 274 528 schismate
295 476 416 526 detortus
438 479 575 540 putamus.
595 475 629 524 Et
650 475 690 525 sic
703 474 817 535 iaciunt,
831 480 859 524 et
872 473 970 525 iaciant
986 457 1089 533 om'ues
1105 473 1153 538 qui

129 546 200 598 hene
221 546 357 597 exitialem
383 545 572 610 ingrediuntur
596 545 678 596 viam.
705 545 800 609 Neque
827 545 880 610 lpsi
904 545 1025 611 episcopi
1047 545 1154 598 etiamsi

130 617 272 682 Principes
284 617 312 667 in
329 616 523 682 temporalibus
539 617 594 668 sint
606 616 657 667 tori
672 615 846 680 privilegium
858 619 973 680 possunt
989 617 1106 680 auterre,
1122 623 1155 668 ut
1230 649 1231 652 =

129 687 271 740 manifeste
284 689 417 739 evincitur
430 702 464 738 ex
477 686 556 738 Bulla
566 685 627 739 Non
641 686 708 738 satas
717 686 805 738 verbis
814 687 959 739 Clementis
969 687 1048 750 XIII,
1058 687 1088 738 iu
1101 701 1158 754 qua

131 759 257 810 Pontifex
272 760 392 824 gravIter
403 758 575 825 reprehendit
587 757 820 824 archiepiscopum
829 758 1063 822 Trevirensem,et
1076 760 1157 810 Prin·
1230 813 1231 830 ἦ

131 831 219 895 cipem
238 829 397 893 illectorem,
414 830 460 894 qui
475 843 524 893 per
540 829 657 880 edictum
677 841 755 880 suum
776 827 826 880 lori
840 828 1013 894 privilegium
1027 843 1157 896 suppres-

131 903 213 962 serat,
235 903 262 952 et
279 900 455 951 admiratione
475 900 646 962 lamentetur,
671 900 764 964 ipsum
779 899 936 966 episcopum
956 900 998 952 ita
1017 901 1156 953 ecetesiam

130 972 224 1024 secuto
245 970 406 1036 posthabere,
430 973 461 1025 ut
490 971 696 1023 ecclesiasticum
722 973 890 1035 potestatem,
912 971 1156 1039 auctoritatemque

131 1043 282 1106 depressam
294 1041 366 1103 vetit,
377 1045 402 1094 et
412 1041 568 1104 ,secula-rem
576 1055 658 1106 super
671 1041 955 1094 emissiastieaerninas
966 1043 1088 1096 estoitat.
1102 1043 1156 1096 Sed

132 1115 204 1166 idem
225 1114 341 1166 edictum
360 1114 458 1178 postea
472 1113 693 1179 archiepiscopus
717 1115 864 1176 revocavit,
889 1113 961 1180 quod
973 1114 1042 1165 forte
1055 1115 1159 1168 tulerat

132 1199 186 1237 non
198 1187 336 1237 voluntate
349 1198 407 1241 sua.
422 1185 471 1236 sed
484 1184 575 1250 pravis
584 1197 678 1235 eorum
692 1184 820 1248 consiliis,
833 1184 881 1250 qui
895 1199 958 1236 eum
971 1185 1157 1238 circumstete-
1230 1215 1231 1218 =

132 1260 204 1321 runt,
215 1261 316 1320 utpote,
325 1256 459 1320 corruptis
471 1253 597 1315 maribus,
609 1253 650 1307 uel
662 1267 798 1306 novorum
812 1255 1000 1308 doctrinarum
1018 1256 1156 1310 erroribm

132 1327 273 1388 maenaa
285 1326 345 1377 Bul.
360 1325 402 1378 iia
416 1323 524 1379 Litteris
537 1326 624 1391 eJusd.
640 1327 788 1378 Pontiflois.
799 1327 835 1377 At
851 1327 921 1378 sieut
933 1326 1016 1379 stabit
1024 1331 1157 1393 perpetuo

133 1398 256 1451 Ecclesia
278 1397 418 1460 catholica,
441 1398 504 1449 licet
527 1413 544 1448 a
566 1397 785 1463 persecutoribus
809 1399 935 1450 acutiuuo
957 1400 1104 1464 exagitata,
1120 1399 1159 1450 ite

133 1474 264 1536 perpetuo
286 1469 370 1521 stabit
390 1469 546 1522 immunitas
567 1467 747 1520 ecclesiastiae
767 1469 933 1533 clericorum,
953 1469 1016 1522 licet
1031 1469 1158 1536 impietas

134 1541 224 1606 legum
239 1542 410 1592 saecularium
430 1541 463 1591 ad
482 1545 587 1605 tempus
601 1539 706 1592 clerIois
724 1544 778 1591 rim
792 1541 880 1604 iaciat,
898 1543 924 1591 et
940 1540 1032 1592 divina
1046 1541 1157 1593 contui-

135 1612 189 1664 bet.
202 1613 253 1663 lus
268 1613 340 1663 enim
357 1611 408 1663 hoo
421 1625 437 1662 a
451 1611 592 1675 Religione
615 1611 695 1661 avelli
710 1622 764 1662 non
778 1617 866 1676 potest
880 1625 912 1663 ac
925 1612 1039 1676 proinde
1053 1617 1095 1664 est
1107 1613 1158 1663 im·

135 1682 344 1748 perscriptibile,
364 1685 391 1733 et
403 1682 587 1744 inalienabile.
609 1681 689 1734 Unde
708 1682 848 1748 Principes
861 1687 888 1733 et
901 1683 1076 1736 Parlementa
1090 1684 1158 1735 illud

135 1767 186 1819 per
204 1757 290 1816 netas,
315 1758 342 1806 et
354 1754 408 1804 vim
428 1766 561 1818 usurpare
582 1755 717 1816 poterunt,
734 1753 786 1804 sibl
805 1758 895 1806 autem
917 1756 994 1819 juste
1016 1756 1159 1820 acquirere
1230 1761 1231 1782 ³

135 1839 274 1889 uunquam
284 1829 416 1890 poterunt.
430 1824 518 1886 Quare
528 1825 662 1874 damnatae
674 1825 782 1876 fuerunt
790 1831 934 1890 sequentes
943 1826 1158 1891 propositiones:

137 1893 263 1957 Ecclesia,
283 1899 308 1948 ei
329 1909 508 1959 personarum
527 1895 765 1948 ecclesiasticarum
788 1896 949 1950 immunitas
967 1911 984 1949 a
999 1899 1064 1963 jure
1082 1898 1159 1950 civili

136 1971 227 2019 ortum
240 1965 344 2020 babuit.
364 1993 397 2004 -
412 1965 627 2018 Ecclesiastitnm
638 1966 786 2031 forumpro
802 1967 1159 2034 temporatihnscterieorum
1230 2019 1231 2022 ,

136 2037 224 2091 camis
242 2037 297 2088 sive
317 2036 520 2098 siciliensem
537 2037 722 2091 criminalibus
740 2037 896 2091 omninode
908 2038 996 2091 medio
1011 2039 1158 2093 tollendum

136 2108 282 2171 astatium
302 2107 462 2171 itaeomelin,
481 2111 506 2160 et
519 2107 683 2162 reclamante
698 2109 842 2174 apostema
857 2104 923 2162 Sede
937 2135 968 2146 -
980 2109 1083 2176 Absque
1102 2111 1159 2164 ulla

135 2179 271 2234 naturalis
285 2181 369 2244 jnris,
390 2181 415 2230 et
438 2179 572 2246 equitatis
591 2179 735 2232 uiolatione
757 2183 842 2244 potest
863 2180 990 2246 atropari
1009 2181 1160 2261 personatis

135 2249 306 2312 immunitos,
325 2249 486 2315 quesierint
509 2249 542 2302 ob
564 2263 641 2302 onere
658 2249 807 2310 subeundae,
829 2250 1030 2318 esereendeqtte
1053 2251 1160 2306 militia

136 2319 294 2372 estimantur
310 2318 380 2372 hone
394 2333 457 2372 cero
472 2320 673 2386 abrepetionern
688 2321 804 2386 postulat
817 2321 903 2374 ciuilis
917 2335 1078 2388 propressm,
1097 2335 1159 2375 me-

135 2392 208 2444 aime
219 2391 250 2514 igr
261 2392 386 2514 soeff'etate
401 2391 439 2444 ad
453 2391 574 2458 sormam
592 2391 725 2446 liberioris
733 2392 873 2459 repimint's
885 2393 1040 2448 constituta.
1054 2393 1160 2460 Sylleb.

137 2475 215 2532 prop.
246 2462 298 2526 0,3
328 2462 410 2515 etit.
495 2504 498 2516 ,

172 2707 216 2764 70.
237 2700 431 2762 Nihilominus
452 2701 589 2778 qrraedem
612 2701 789 2763 elericomm
809 2717 907 2764 causae
925 2704 1107 2780 temporales
1131 2711 1162 2767 et

137 2793 269 2866 profanae
281 2789 517 2866 independenter
530 2807 549 2849 a
563 2789 712 2850 PontificIs
725 2790 896 2867 particulari
912 2792 1108 2869 concessione
1121 2811 1162 2855 ex
1230 2837 1231 2844 ,

136 2879 288 2940 communi
302 2878 526 2939 canonistarmn
540 2878 686 2939 sententia
699 2884 824 2955 possunt
838 2898 856 2940 a
868 2881 1018 2956 iudicibus
1032 2885 1161 2943 saeeula-
1230 2927 1231 2936 ,

135 2969 218 3029 ribus
232 2967 385 3044 cognosci,
401 2967 569 3043 cujusmodi
583 2973 653 3028 sunt
662 2984 761 3028 cansae
772 2970 868 3028 reales
883 2969 1062 3030 clericomm
1071 2964 1162 3048 respi·

137 3057 250 3118 cientes
269 3057 357 3118 leuda
375 3059 431 3131 (i),
457 3056 529 3119 item
546 3072 612 3132 quae
634 3055 795 3133 respiciunt
808 3057 1016 3119 successiones
1028 3060 1060 3119 in
1073 3060 1163 3122 bonis
1230 3047 1231 3120 Ϊ

137 3147 368 3222 temporalibus;
382 3162 449 3222 quae
463 3145 614 3222 pertinent
627 3145 820 3221 adjudicium
836 3165 939 3209 coram
947 3149 1024 3210 laico
1034 3151 1098 3226 iam
1107 3167 1163 3210 ex·

137 3237 261 3295 citatum
283 3253 300 3294 e
316 3233 403 3305 laico,
419 3234 467 3294 cui
479 3234 624 3295 successit
644 3235 790 3309 clericus,
804 3253 870 3314 quae
884 3255 924 3298 ex
941 3237 1092 3298 honortun
1104 3255 1162 3298 sae-

138 3323 283 3383 eularium
296 3322 551 3383 administratione
574 3322 813 3400 proficiscuntur,
830 3326 953 3403 aliaeque
973 3325 1094 3401 similes,
1121 3329 1163 3388 uti

92 3438 95 3446 s
137 3413 169 3472 in
189 3411 336 3471 constanti
355 3411 548 3471 tribunalium
561 3411 648 3487 praxi
667 3412 858 3474 observatum
879 3415 951 3490 luit;
969 3414 1043 3477 item
1062 3433 1162 3476 causae
1230 3471 1231 3474 ,

138 3499 342 3578 possessoriee,
357 3499 507 3575 inquibus
518 3499 614 3575 agitur
628 3501 665 3562 de
679 3500 844 3562 interdictis
851 3504 1020 3577 retinenda,
1036 3513 1064 3565 et
1076 3522 1161 3580 reatt-
1230 3569 1231 3584 ,

137 3589 274 3668 perante
286 3588 486 3666 possessionis,
510 3588 599 3652 etiem
612 3589 820 3669 inbeneficiis,
832 3591 864 3654 iu
883 3593 1017 3671 decium
1037 3595 1163 3673 aliisque
1230 3587 1231 3620 ³
