2546 4082
130 309 170 376 (l)
184 309 214 362 Β.
229 309 408 376 Gougmgatia
417 310 446 362 in
460 309 599 366 Nomina
609 313 640 364 26
651 315 710 378 jun.
723 311 793 377 ttae,
805 313 928 366 consulti
945 314 1125 368 acommo-

90 399 104 429 ι
127 381 380 446 nitatea'laicorum
393 383 421 432 in
436 383 566 436 Ecclesiis
588 384 764 448 Regularium
785 389 972 451 exemptarum
988 388 1126 444 institutas

91 470 104 500 ι
128 453 245 506 subesse
255 453 448 518 jurisdictioni,
458 458 485 506 et
498 455 645 506 visitationi
657 455 793 520 Episcopi,
808 457 922 522 illasque
933 459 968 510 ab
980 472 1011 510 eo
1020 459 1126 510 visitari

90 543 105 571 ι
127 539 147 590 p
167 577 169 579 ,
215 538 282 584 ,neo
296 539 350 576 nou
364 525 473 578 illarum
494 526 614 592 capellas
638 525 666 577 in
680 527 778 578 iisdem
800 527 929 580 Ecclesiis
949 529 1125 594 Regularium

89 614 105 642 ι
128 529 286 734 affantes,
301 597 331 648 in
352 596 395 648 his
410 602 510 657 tamen,
525 612 587 663 quae
606 597 855 650 confraternitatum
866 599 1125 652 administrationem

88 685 103 714 ι
129 681 143 718 r
195 667 288 720 iciant.
302 669 336 719 Et
350 667 373 718 si
394 669 660 720 confraternitatibus
684 668 819 720 incumbit
844 683 912 722 onus
933 671 1125 724 manutenendi

87 756 103 784 ι
126 737 222 797 altare,
239 742 265 790 et
285 738 360 790 illius
374 738 486 803 cultum,
507 741 664 805 episcopum
684 753 764 805 posse
780 741 891 794 visitare
914 741 987 794 circa
1005 757 1045 802 ea.
1061 756 1123 807 qum
1215 779 1224 794 .

88 825 102 856 a
126 808 279 874 respiciunt
300 810 389 875 ipsam
414 813 653 875 manutentionem,
678 812 794 876 cultum,
819 817 846 864 at
871 817 1029 864 ornamenta
1052 815 1122 866 alia

87 899 102 928 ι
126 881 175 941 ris,
199 893 249 932 seu
270 880 398 946 Capella),
419 895 501 934 onera
520 881 674 942 Missurum,
697 887 778 948 atque
800 883 952 935 divinorum
974 884 1123 936 officiorum

87 969 101 1000 a
124 951 230 1004 ibidem
249 951 482 1018 celebrandomm,
500 958 527 1004 at
548 954 620 1004 circa
637 967 670 1006 aa
688 954 786 1013 omnia,
807 967 868 1019 quae
882 954 916 1004 ad
930 955 1123 1019 obligationem

87 1040 101 1070 ι
124 1023 283 1075 eorumdem
302 1023 468 1075 confratrum
485 1024 642 1076 relationem
666 1024 775 1076 babent
793 1043 804 1070 u
825 1025 988 1077 Benedictus
1004 1025 1070 1078 XIV
1084 1025 1123 1078 da

85 1092 194 1158 Synod.
208 1092 243 1146 la.
262 1095 284 1152 1,
300 1108 323 1145 c.
341 1095 372 1144 25
386 1109 414 1146 n.
431 1094 454 1145 6.
470 1094 528 1147 Hoc
541 1096 688 1159 decretum,
699 1095 775 1162 quod
790 1099 832 1148 est
848 1095 1053 1161 particularem
1068 1109 1118 1148 sua

85 1164 208 1229 origine,
226 1164 325 1216 deinde
345 1165 428 1216 veluti
446 1165 489 1216 lex
507 1165 642 1229 generalis
663 1181 680 1219 a
701 1167 729 1218 S.
748 1166 959 1231 Congregatione
982 1169 1119 1218 retentum

85 1239 144 1295 est,
164 1239 192 1286 et
200 1237 279 1301 juxta
296 1236 365 1288 illud
378 1249 487 1300 semper
500 1236 676 1301 imposterum
689 1237 884 1300 pronunciavit.
901 1237 942 1289 Id.
957 1237 1034 1288 Pont.
1049 1237 1120 1292 lust.

87 1308 191 1368 tohu.
206 1307 323 1373 cti-(i)
333 1309 393 1360 Bul.
409 1307 581 1374 Quacumque
595 1309 741 1362 Clementis
754 1309 831 1371 vill,
846 1308 903 1359 bul.
923 1307 984 1373 Qua
999 1303 1121 1362 Salutii*

86 1383 134 1433 ter
145 1375 226 1432 Pauli
238 1381 272 1440 V,
286 1383 313 1432 et
326 1380 488 1434 Benedictus
501 1379 575 1445 XIV,
590 1380 618 1432 iu
632 1380 677 1432 cit.
692 1380 759 1432 lost.
776 1379 870 1440 ictam.
883 1379 915 1430 at
928 1383 956 1432 et
973 1392 1048 1446 seqtp

124 1543 190 1600 ilc.
216 1539 472 1612 Quemadmodum
494 1538 753 1600 confraternitates
770 1555 831 1599 non
850 1538 1021 1599 eximuntur
1038 1538 1122 1614 ejus·

83 1627 264 1690 risdictione
278 1627 434 1704 Episcopi,
458 1628 498 1687 ita
517 1645 573 1688 neo
586 1628 689 1688 fideles
703 1645 720 1686 a
738 1635 884 1705 potestate
896 1625 1030 1701 Parochi,
1043 1628 1117 1690 dum

83 1719 116 1778 in
140 1719 243 1778 album
261 1717 540 1778 confraternitatum
558 1718 737 1792 referuntur,
758 1716 815 1778 nisi
835 1716 865 1776 in
884 1716 1069 1793 primocasu
1087 1720 1117 1776 S.

83 1807 236 1881 Pontifex,
252 1813 282 1866 et
297 1805 474 1866 insecundo
489 1805 652 1880 Episcopus
673 1805 835 1882 quodpiam
852 1804 1048 1880 privilegi-um,
1066 1811 1118 1866 aut

82 1896 235 1955 indultum
260 1893 415 1955 concedat.
441 1894 515 1953 liinc
540 1895 704 1954 contraires
728 1901 885 1954 remanent
908 1892 940 1952 in
964 1893 1114 1963 omnihus,

82 1987 164 2044 sicut
181 1983 274 2060 prius,
300 1983 435 2043 parocho
461 1982 595 2059 subjecti.
621 1981 880 2042 Contraternitates
904 1991 979 2041 vero
1004 1979 1118 2040 debent

82 2091 208 2150 semper
217 2074 329 2149 justam
342 2090 360 2131 a
374 2072 509 2132 Perocho
528 2070 757 2146 dependentiam
780 2086 910 2142 servare,
935 2068 1066 2130 maxime
1079 2069 1116 2128 'in
1153 2082 1157 2089 ·

81 2161 298 2234 functionibus,
313 2178 351 2221 ue
365 2161 440 2221 ordo
450 2158 628 2236 parochialis
642 2159 783 2220 Ecclesiae
797 2159 1000 2236 perturbetur,
1015 2164 1066 2217 aut
1079 2158 1115 2216 fl·

80 2251 167 2312 deles
181 2251 391 2310 abstrahantur
404 2267 423 2309 a
436 2254 568 2309 Pastore.
580 2253 641 2308 llec
652 2249 689 2309 de
700 2265 734 2308 re
747 2249 796 2308 die
811 2253 846 2307 lt)
860 2245 1028 2308 decembris
1042 2243 1114 2305 anni

79 2344 165 2414 1703,
180 2337 290 2415 prodiit
308 2343 336 2398 S.
355 2336 598 2415 congregationis
613 2338 777 2410 decretum,
796 2336 877 2412 quod
889 2337 938 2411 jiis
954 2348 1114 2396 commune

78 2428 169 2502 facit,
190 2433 220 2488 et
243 2427 274 2487 in
302 2432 435 2487 Romana
459 2426 543 2487 curia
556 2425 673 2502 'jugiter
695 2425 871 2485 observatur
884 2429 934 2498 (t).
959 2421 1111 2497 P'raecipua

78 2517 172 2594 hujus
192 2515 305 2576 decreti
326 2515 423 2592 capita
443 2522 532 2575 sunt:
557 2520 586 2574 l⁰
609 2521 643 2574 ut
664 2512 927 2574 confraternitates
950 2519 1058 2573 erectae
1079 2511 1110 2572 ia

78 2602 223 2666 Ecolasiis
236 2603 467 2680 parochialibus,
481 2604 530 2663 vel
543 2603 574 2662 in
588 2601 726 2663 oratoriis
740 2601 984 2662 iisdemannexis
997 2601 1028 2660 in
1044 2607 1111 2660 om*

78 2695 170 2754 nibus
192 2691 402 2753 ecclesiasticis
429 2691 629 2752 functionibus
649 2709 668 2750 a
690 2691 829 2767 parochis
852 2690 1045 2766 dependeant
1055 2691 1107 2763 (ἥς

77 2789 110 2842 2⁰
119 2790 155 2841 ut
169 2782 429 2840 Confraternitates
444 2786 552 2854 erectae
565 2780 596 2839 iu
610 2779 748 2839 oratoriis
761 2778 902 2856 sejunctis
916 2779 955 2838 ab
968 2777 1108 2838 Ecclesiis

76 2869 301 2948 parochialibus
315 2885 377 2928 non
391 2869 580 2944 dependeant
593 2887 611 2928 a
629 2867 772 2928 Paroohis
786 2867 817 2927 in
829 2867 1032 2927 functionibus
1045 2883 1107 2926 non

76 2957 406 3038 parochialibus(3);=3⁰
418 2963 449 3016 ut
463 2958 652 3032 dependeant
666 2956 703 3015 ab
717 2956 822 3016 iisdem
837 2956 867 3015 in
881 2955 1028 3028 omnibus,
1040 2973 1109 3030 quae

76 3051 189 3127 adius,
204 3049 252 3108 vel
264 3064 374 3108 munus
388 3047 591 3106 Paroohorum
606 3052 752 3122 spectant.
774 3045 832 3105 sed
845 3046 917 3104 illud
935 3052 981 3105 est
998 3051 1106 3104 notan-

76 3137 253 3212 ‹inqunod
264 3137 322 3196 hoc
334 3136 473 3212 generale
487 3135 643 3194 decretum
654 3135 722 3209 jura
736 3133 923 3209 particularia
937 3151 998 3194 non
1012 3133 1102 3208 tollit;

74 3227 212 3294 aitanim
227 3243 235 3283 :
252 3225 349 3286 Saleio
366 3233 465 3284 tomen
479 3223 725 3296 conventionibus,
748 3230 775 3281 at
794 3223 889 3300 pactis
911 3224 945 3283 io
964 3224 1105 3282 erectione

78 3315 367 3396 Cortsnotcrrtitotwm
388 3317 494 3390 forsan
513 3313 609 3388 factis,
630 3311 790 3372 concordiis
803 3312 994 3387 interponas
1008 3310 1101 3383 initis,

75 3405 182 3472 aloisi-
196 3403 270 3466 Sede
282 3404 458 3480 approbatis,
473 3403 607 3472 induitis,
632 3409 659 3461 ct
678 3401 932 3462 constitutionibus
950 3400 1105 3477 synodati-

74 3493 445 3569 biaaaaprooiaciotttac
460 3490 719 3554 maeataemtioe
742 3489 1034 3567 immemorabilem,
1056 3489 1106 3554 oet

74 3583 389 3670 alamanicam..
