2468 4090
30 343 86 399 ιιι.
107 341 254 415 Sequitur
270 339 358 416 iuxta
370 340 507 416 saperius
520 341 611 420 diem,
626 339 739 400 eisdem
753 338 817 402 dari
830 346 947 403 uatum
960 345 1023 404 tres

5 427 160 488 montionis
172 444 304 502 menses,
319 428 370 505 qui
386 429 586 504 ¹ellormantur
599 446 617 490 a
630 428 792 506 nonaginta
806 429 912 490 diebus
924 429 1021 491 conti·

6 516 66 587 nais,
77 519 129 578 vel
140 517 344 592 interpolatis,
364 517 455 578 modo
479 517 567 579 simul
585 517 723 578 canonici
741 535 804 578 non
825 517 923 578 absint
943 521 1023 580 ultra

6 605 107 664 erbam
121 611 255 682 partem,
279 605 349 683 quia
369 605 400 666 hi
421 612 484 667 tres
497 623 617 668 menses
641 608 750 668 dantur
775 605 939 682 canonicis,
959 624 1022 668 non

5 694 130 769 capitulo,
157 695 241 770 qaod
264 711 318 770 pro
341 693 461 755 servitio
484 694 683 756 aeclesiarum
703 711 823 772 semper
840 695 947 756 adesse
967 713 1022 758 ns·

6 799 75 846 cesse
92 789 155 858 est,
171 789 203 843 et
219 783 383 844 dummodo
400 783 570 844 absentiae
562 801 593 842 ιιι
615 783 759 858 adventu,
782 785 830 844 vel
852 763 1059 874 Quadrage·

6 871 74 944 ama,
88 879 144 933 aut
157 871 318 948 praecipuis
331 871 401 932 anni
422 871 628 932 festivitatibus
641 888 701 931 non
721 871 904 949 contingant
926 869 1022 946 Quare

6 960 121 1021 ιιιιιιιο
135 962 290 1034 effectam,
307 978 369 1021 non
389 966 599 1038 computantur
613 967 799 1037 punctaturae
822 961 973 1036 horarum,
989 973 1023 1024 ut

7 1049 64 1109 labo
77 1051 207 1127 quidam
224 1049 278 1110 sibi
300 1050 539 1126 persuadebant;
554 1055 585 1112 et
604 1049 672 1110 ideo
692 1050 807 1112 etiamsi
825 1049 893 1128 quis
914 1043 1041 1112 absens

6 1140 69 1198 alna
94 1139 250 1202 trimestre
275 1139 372 1198 salvas
396 1139 521 1200 haberet
546 1145 608 1200 tres
632 1145 754 1216 quartas
776 1145 1023 1217 punctatnrarum

8 1235 103 1304 partes,
118 1228 224 1290 adhue
233 1226 265 1288 in
278 1226 438 1290 concibum
448 1227 634 1306 delinqueret
648 1231 702 1303 (t).

31 1400 61 1467 (l)
75 1402 120 1455 Sic
135 1401 211 1454 enirn
220 1401 340 1454 delinivit
353 1402 381 1456 S.
395 1401 573 1468 Congregatio
582 1401 689 1454 manilii
702 1401 746 1456 die
763 1402 870 1470 ttjanti
881 1402 951 1469 lati,
960 1416 1024 1471 qum

9 1474 93 1527 ambit
109 1473 151 1526 ad
164 1473 380 1528 constitumctam
396 1473 538 1528 scroittam
550 1485 646 1527 noacm
660 1475 793 1528 manum
811 1488 866 1530 nan
882 1489 935 1549 erce
948 1475 1023 1530 catti·

7 1543 91 1608 pcndas
97 1547 292 1611 punctatnras,
303 1545 418 1612 quesiti,
429 1543 576 1611 quinarem
593 1546 1023 1614 punctatararumcadaodccim,

8 1625 53 1678 pcc
65 1631 96 1668 cc
112 1616 227 1669 seruitio
244 1615 326 1670 totius
338 1615 408 1669 anni
420 1617 584 1682 constanter,
594 1616 765 1670 mentando
777 1618 899 1683 tulerint,
913 1619 1023 1672 sevitio

8 1699 89 1740 nmen
101 1688 241 1740 mensium
253 1687 340 1742 debita
353 1687 534 1754 satisfecerint
542 1701 550 1753 ,·
559 1686 605 1740 scd
617 1688 686 1754 ipsas
696 1687 753 1742 atas
764 1688 925 1755 residentiae,
935 1695 961 1744 ct
970 1704 1025 1744 scr·

8 1757 66 1821 citii,
82 1760 141 1812 sive
165 1758 290 1816 continui
310 1759 425 1824 suerint,
448 1758 692 1824 eustermonat,
714 1760 895 1814 numerandas
916 1775 978 1824 csse,
991 1765 1023 1818 at

9 1841 142 1883 numerum
158 1830 307 1899 compleant
322 1828 457 1884 dictorum
467 1844 563 1884 novem
577 1830 717 1884 namnum.
730 1832 763 1883 V.
773 1831 936 1886 Benedictus
947 1833 1024 1897 XIV,

9 1900 63 1952 last.
79 1904 134 1962 tat,
150 1916 178 1954 n.
204 1902 244 1952 32.
267 1903 346 1954 Auno
371 1907 462 1955 tamen
488 1903 653 1968 praecedenti
679 1902 774 1955 eadem
796 1903 824 1956 rt.
847 1903 1024 1971 Congregatio

10 1975 169 2038 respondens
183 1974 319 2040 Episcopo
333 1974 477 2026 Mutinensi
494 1974 606 2040 petenti,
623 1989 658 2026 an
671 1973 800 2026 censendi
816 1975 912 2038 forent,
929 1978 1025 2038 abeam

10 2047 49 2108 tes,
62 2047 175 2110 quinon
187 2045 284 2096 absunt
297 2059 313 2096 a
326 2045 437 2098 dioeoesi
450 2045 494 2097 vel
511 2045 628 2108 civitate,
642 2044 691 2097 sed
711 2047 746 2097 ab
763 2045 892 2098 Ecclesia
915 2048 1025 2100 servitio

10 2119 40 2166 tot
47 2117 150 2168 vicibus
161 2119 201 2177 ,nt
213 2117 296 2168 triam
307 2117 439 2168 mensium
453 2117 611 2184 praescripta
620 2116 756 2181 quantitas
771 2130 860 2169 annuo
875 2119 961 2183 spatio
976 2132 1024 2170 su-

11 2191 124 2251 paratura
138 2188 248 2252 Statuit,
256 2188 319 2240 istos
330 2187 423 2240 baberi
435 2201 484 2252 pro
496 2187 654 2241 absentibus.
666 2187 707 2238 ld.
719 2188 785 2240 ibid.
794 2204 820 2239 n.
832 2189 873 2240 33.
883 2189 950 2241 Haec
959 2203 1030 2242 sane

11 2257 96 2310 decisio
111 2261 235 2312 anterior
248 2262 298 2320 est,
313 2261 356 2310 oui
376 2273 427 2325 per
449 2259 613 2310 decisionem
630 2259 739 2310 citatam
756 2261 933 2324 posteriorem
946 2261 1026 2314 dero·

10 2331 57 2392 gari
70 2331 191 2383 videtur.
208 2330 261 2381 Sed
279 2331 394 2382 ulterius
410 2343 464 2381 non
488 2329 615 2381 uidentur
637 2343 697 2381 esse
717 2333 868 2391 contrariae,
890 2336 918 2384 at
935 2332 1026 2399 potius

10 2404 189 2468 conspirantes
204 2401 239 2452 ad
256 2401 379 2452 eumdem
406 2401 495 2464 linem,
516 2415 614 2466 nempe
637 2400 673 2452 ad
694 2400 891 2466 prohibendam
917 2404 1027 2455 omniuo

10 2471 154 2524 absentiam
166 2473 240 2524 ultra
253 2477 309 2524 tres
324 2485 442 2524 menses.
462 2472 555 2523 Prima
573 2480 668 2524 revera
684 2486 717 2524 ex
736 2473 839 2526 calculo
853 2471 1028 2542 punctatura·

11 2557 69 2607 rum,
83 2559 149 2612 quea
165 2559 219 2596 non
229 2545 360 2596 excedant
374 2549 499 2610 quartam
512 2547 615 2609 partem
630 2548 855 2609 punctaturarnm
867 2547 948 2598 totius
962 2547 1028 2598 anni
1073 2587 1074 2590 ,

10 2629 53 2666 non
68 2618 170 2669 liberet
183 2616 373 2668 beneficiatum
386 2630 402 2667 a
415 2616 526 2668 servitio
543 2616 626 2680 chori,
640 2614 704 2680 quia
718 2629 779 2667 oum
791 2621 960 2682 punctaturse
970 2617 1027 2670 die·

10 2696 61 2740 tum
75 2691 132 2740 sint
146 2689 309 2754 quandoque
333 2687 479 2753 graviores,
495 2691 522 2742 et
535 2687 697 2752 quandoque
715 2685 839 2752 leviores,
854 2688 1029 2744 beneficiatus

9 2768 92 2822 posset
104 2762 241 2812 interesse
253 2760 421 2824 punctaturis
435 2759 615 2824 gravioribus,
630 2763 657 2810 et
669 2757 766 2810 abesse
780 2759 937 2824 levioribus,
948 2764 975 2813 et
989 2759 1029 2812 sie

11 2827 103 2882 hahere
116 2831 268 2884 vacationis
282 2835 388 2897 tempus
402 2830 537 2892 trimestre
548 2831 648 2895 maius.
669 2829 792 2881 Secunda
804 2845 869 2884 vero
881 2846 915 2884 ex
928 2831 1029 2884 ιιιοιιιο

11 2905 238 2966 punctatnrarum,
254 2915 315 2969 qua
329 2901 462 2954 excedunt
477 2905 602 2966 quartem
618 2905 722 2967 partem
743 2906 966 2968 punctaturarum
988 2907 1029 2956 to·

11 2973 57 3024 tius
70 2973 146 3038 anui,
161 2973 279 3035 deducit,
294 2974 483 3026 beneficiatum
493 2975 552 3038 jam
565 2986 622 3024 sue
635 2973 783 3025 arrabonis
794 2979 901 3039 tempus
917 2976 1032 3037 absum·¹

12 3045 101 3109 psisse,
115 3045 182 3112 quia
198 3045 238 3096 sic
256 3046 439 3112 praesumitur,
458 3049 486 3096 et
503 3045 638 3098 ordinaris
660 3045 801 3112 contingit:
822 3047 874 3098 Sed
892 3046 965 3098 aliud
989 3049 1031 3099 est

13 3117 134 3180 residere,
149 3121 177 3168 et
192 3115 267 3168 aliud
277 3117 379 3168 servire
395 3137 401 3167 :
417 3116 484 3168 illud
496 3117 624 3182 importat
636 3118 811 3182 presentiam
831 3119 858 3172 ia
873 3117 931 3170 loco
944 3120 1029 3170 baue-

13 3186 73 3249 bcii;
89 3189 142 3240 hoo
154 3202 219 3240 uero
233 3188 407 3254 presentiam
421 3188 449 3240 in
463 3189 552 3242 choro.
568 3189 635 3241 Tres
645 3189 767 3253 praedicti
782 3189 941 3242 conciliares
954 3203 1031 3241 men·

13 3269 50 3309 ses
61 3260 213 3341 respiciunt
227 3259 400 3312 residentiam
414 3262 449 3312 ad
474 3260 652 3314 incurrendae
669 3273 766 3327 poenas
782 3274 799 3312 a
819 3261 933 3314 concilio
948 3265 1032 3314 statn-

14 3331 67 3380 tas'
62 3345 89 3382 ra
100 3332 183 3382 citato
198 3331 314 3392 decreto,
329 3334 356 3383 et
379 3333 425 3384 ille
439 3335 577 3398 tamqrram
597 3332 719 3384 residens
736 3333 861 3396 babetur,
883 3333 936 3398 qui
949 3334 1032 3384 etiam

14 3401 55 3451 uni
67 3402 186 3454 heresin
201 3401 245 3453 die
258 3401 404 3454 intervenit
418 3404 510 3466 choro,
526 3407 557 3454 ut
578 3403 656 3456 docet
669 3403 814 3486 Fagnanus
829 3373 864 3456 sti
881 3417 941 3469 cap
962 3401 1036 3466 dicei,

14 3468 43 3522 de
56 3473 201 3525 Praehend.
215 3487 243 3523 ιι.
256 3473 295 3524 56.
311 3473 456 3526 Servitium
468 3488 531 3526 vero
546 3475 620 3528 chori
635 3474 805 3527 continetur
798 3489 826 3526 ur
840 3475 893 3526 alio
909 3475 1033 3540 ejusdem

14 3541 160 3596 Tridentini
174 3543 293 3610 decreto,
306 3550 337 3596 ut
348 3547 419 3597 inira
427 3531 591 3616 videbimus
607 3547 741 3600 Craterum
754 3546 876 3599 canonici
886 3561 935 3614 per
946 3546 1033 3598 dictos

14 3617 64 3669 tres
77 3630 188 3672 menses
202 3632 219 3670 a
232 3617 345 3684 propria
358 3607 480 3672 Ecclesia
498 3618 594 3673 abesse
613 3622 728 3686 possunt
744 3619 827 3673 etiam
846 3619 905 3673 sine
927 3619 1034 3674 licentia
