2546 4082
621 207 783 265 -ῃο-

186 329 349 394 «luminu
365 327 434 394 priv.
455 327 469 394 fl
488 327 545 392 tte,
570 329 677 394 quaudo
700 330 733 393 is,
753 331 799 395 qui
824 329 858 380 ed
882 328 1007 382 beneficii
1033 327 1192 380 collationem

183 402 349 453 venneurmt
361 401 495 465 eligendo,
510 401 702 464 confirmando,
722 409 767 452 eut
780 402 980 468 praesentando,
998 414 1031 453 ex
1046 400 1109 452 inito
1123 405 1191 464 pente

184 491 196 520 ι
213 471 325 524 enntldit
337 471 409 522 idem
425 472 586 526 neumatum
604 473 668 533 sihi.
684 479 731 524 eut
744 474 823 526 elteri
839 473 1007 537 resignatum
1021 472 1070 532 iri;
1082 469 1163 521 veluti
1174 469 1195 518 si

184 561 194 592 ι
213 545 274 608 quis
287 543 450 596 beneficium
464 544 588 610 eeelpiet,
603 544 669 594 inito
683 549 761 612 pecto
775 559 837 596 eum
855 552 980 610 petrono,
993 543 1061 594 illud
1074 555 1121 592 suo
1135 547 1193 592 tem-

185 628 278 680 «pore
304 615 458 679 resignandi
482 615 510 664 in
533 615 650 666 levorem
677 615 799 680 alterius,
820 617 866 682 qui
891 614 1011 666 nondum
1031 627 1078 678 per
1097 614 1194 663 aetatem

184 685 314 738 «habilis
338 688 388 736 est.
413 685 565 750 Regressus
588 692 629 737 est
652 699 713 737 curn
736 688 797 752 quis
820 701 852 740 ee
873 686 1024 738 conditione
1045 683 1194 735 beneficium

183 774 196 805 ι
214 758 341 822 resignet,
347 759 378 808 ui
386 757 579 822 resigneterius
590 757 643 808 sibi
652 757 693 808 vel
708 758 785 808 elteri
797 759 869 810 idem
879 756 1036 809 beneficium
1051 755 1194 806 redditurus

182 829 265 889 «sit3
288 834 355 893 pute
377 829 401 880 si
423 830 485 893 quis
509 828 664 880 infirmitate
682 832 821 892 correptus
845 830 922 880 elteri
942 827 1105 879 beneficium
1125 837 1193 875 suum

183 917 194 947 ι
213 899 335 963 resignet
345 912 407 952 eum
421 904 500 964 pecto
511 899 539 950 in
550 898 622 950 idem
631 900 792 952 heneficium
803 899 981 966 regrediendi,
992 900 1016 950 si
1029 896 1191 948 convaluerit.

182 971 356 1036 «Ingressus
380 976 432 1032 est,
454 983 516 1021 curn
541 970 602 1036 quis
626 970 786 1022 heneficium
810 971 863 1022 sihi
883 971 1020 1032 collatum,
1039 975 1066 1020 et
1085 967 1194 1017 nondum

182 1057 193 1088 ι
212 1054 365 1106 possessum
389 1055 420 1092 eo
443 1047 521 1106 pecto
543 1041 672 1106 resignat,
686 1048 718 1092 ut
738 1041 766 1091 in
785 1043 852 1093 illud
874 1043 969 1106 postea
989 1039 1161 1104 ingrediatur,
1174 1036 1194 1086 si

155 1129 158 1141 =
182 1132 192 1160 ι
212 1113 406 1176 resigneturius
423 1111 479 1162 vite
500 1112 657 1176 periclitari,
675 1117 721 1164 ent
734 1114 839 1164 meliori
857 1113 987 1164 beneflcio
1007 1111 1102 1162 donari
1115 1107 1193 1159 eonti-

179 1202 192 1233 α
208 1185 306 1248 gerit.»
322 1183 372 1234 nit.
383 1183 444 1234 Bul.
458 1181 648 1236 lntotemtttu.
663 1211 694 1222 -
705 1185 755 1248 (13)
768 1186 914 1249 Propterea
927 1183 950 1234 si
963 1183 1025 1247 quis
1039 1179 1193 1232 heneficium

180 1255 298 1320 resignet
312 1267 344 1304 ee
358 1254 518 1318 conditione,
539 1258 570 1304 ut
590 1255 784 1318 resignnterius
803 1256 878 1308 eliud
892 1269 971 1306 suum
985 1252 1144 1304 beneficium
1157 1263 1191 1300 re-

179 1325 289 1376 nunciet
303 1325 331 1375 in
345 1325 464 1376 levorem
481 1325 561 1386 tertii,
575 1325 618 1376 vel
632 1329 810 1392 praesentans,
827 1331 874 1377 eut
887 1327 1028 1376 conserens
1041 1321 1193 1374 heneficium

179 1397 293 1460 recipiet
305 1397 452 1462 temporale
467 1398 592 1462 pretinm,
604 1398 675 1462 qnod
690 1411 721 1448 ex
736 1411 767 1448 eo
778 1397 908 1448 beneficio
923 1411 975 1448 non
988 1394 1138 1460 proveniet,
1147 1392 1192 1443 erit

179 1467 289 1531 quidem
302 1467 423 1518 Simonis
445 1467 657 1520 conventionalis
672 1469 714 1520 vel
734 1469 824 1528 realis,
842 1483 897 1520 non
916 1481 979 1520 vero
990 1464 1191 1522 nonidenuelis,

181 1539 232 1590 cit.
247 1537 339 1606 Snglie
352 1539 410 1591 eorl.
428 1538 478 1590 ine.

212 1735 276 1792 26³.
290 1731 477 1807 ltlesphemis
491 1739 532 1792 est
547 1731 668 1792 verbnm
683 1732 928 1792 mummuliotum
946 1733 980 1792 iu
994 1733 1089 1793 Deum
1096 1732 1190 1809 prole·

180 1827 254 1880 tum.
270 1821 400 1881 verbum
415 1827 514 1880 tamen
531 1821 589 1880 hoc
614 1822 739 1882 habetur
753 1823 783 1880 in
798 1827 890 1880 Deum
904 1824 1062 1897 prolatum,
1087 1837 1151 1882 euin
1164 1821 1189 1878 in

177 1909 381 1970 Beatissimem
395 1911 543 1986 Virginem
557 1911 685 1982 lleriern,
708 1918 759 1970 eut
774 1916 899 1970 sanctos
914 1912 1073 1986 profertur,
1089 1911 1189 1986 quiunt

175 1999 206 2058 in
218 1999 346 2075 Virgine,
361 2007 391 2060 et
404 1999 519 2059 Sanctis
533 1999 640 2060 colitur
663 2005 751 2072 Deus,
777 2000 818 2060 ite
840 2000 930 2059 etiem
955 1999 1121 2062 offenditur.
1138 1999 1189 2058 lila-

177 2088 311 2164 sphemia
320 2087 459 2148 dividitur
472 2089 501 2147 in
513 2088 718 2162 temnentem,
727 2095 757 2148 et
770 2089 947 2164 simplicem:
958 2088 1131 2147 haereticalis
1142 2093 1187 2158 est,

178 2192 247 2236 cum
273 2175 384 2252 aliquid
403 2177 473 2236 fidei
487 2177 670 2237 eontrarium
684 2178 721 2236 de
744 2181 806 2236 Deo
820 2177 970 2250 asseritur,
986 2179 1035 2236 vel
1057 2183 1186 2252 negatum

178 2264 306 2340 simplex
319 2281 402 2338 vero,
426 2283 496 2325 eum
518 2267 631 2342 absque
651 2281 754 2325 errore
768 2265 798 2324 in
818 2266 886 2338 lide,
902 2265 968 2341 quis
981 2271 1042 2324 lieo
1058 2267 1188 2340 impreca-

178 2359 235 2413 tur.
252 2353 432 2414 Haeretieelis
459 2363 633 2414 recensetur
652 2353 730 2414 inter
752 2354 860 2413 delicta
884 2369 967 2413 mere
990 2354 1186 2424 ecelesiasticis,

177 2441 305 2518 simplex
332 2449 432 2503 eutem
460 2442 537 2502 inter
558 2443 662 2502 mixte.
679 2443 845 2520 Blesphemi
859 2441 887 2500 in
901 2442 996 2502 ‘veteri
1013 2443 1188 2502 ltebrmnrum

176 2531 242 2606 lege
255 2537 340 2591 erant
353 2538 450 2591 morte
461 2532 633 2603 mulctandi,
642 2530 1005 2608 lapidibusqueebruendi
1019 2535 1074 2603 (υς
1087 2549 1123 2590 ex
1133 2534 1187 2605 iure

176 2618 321 2678 senonico
346 2626 414 2679 sunt
442 2620 621 2696 deponendi,
642 2619 667 2679 si
690 2619 809 2692 Clerici,
828 2626 858 2679 et
880 2618 1151 2691 anathematizandi,
1167 2617 1187 2677 ei

175 2706 265 2780 laici3
288 2725 356 2783 quae
376 2725 475 2783 poenae
503 2708 637 2768 adauetae
656 2709 776 2768 luerunt
800 2727 818 2767 a
837 2707 1054 2783 posterioribus
1081 2706 1187 2768 summis

176 2797 377 2870 Pontificibus,
401 2803 431 2856 et
448 2797 613 2873 praesertim
635 2815 652 2856 e
673 2803 771 2856 Leone
785 2801 809 2856 ll
825 2801 877 2870 (3),
892 2813 911 2855 u
925 2801 953 2856 S.
970 2796 1023 2855 Pio
1038 2801 1060 2855 V
1075 2801 1124 2869 (4),
1147 2793 1188 2871 qui

175 2883 253 2944 inter
282 2893 389 2946 caetere
410 2885 483 2944 illud
507 2885 649 2959 decrevit,
674 2885 755 2962 quod
776 2885 905 2944 Clericus
925 2885 1118 2962 blasphemus
1142 2900 1186 2960 pro

175 2974 272 3050 prime
285 2973 350 3034 viee
375 2974 521 3034 fructibus
542 2974 635 3036 unius
660 2974 731 3034 enni
758 2973 972 3034 benefitiorum
999 2989 1186 3049 suorumpru

175 3061 306 3122 secunde
324 3062 398 3138 ipsis
410 3063 563 3123 beneflciis
572 3063 720 3139 privetur,
739 3069 769 3123 et
783 3080 838 3138 pro
854 3062 942 3122 tertie
962 3063 1152 3138 deponetur(
1169 3067 1184 3134 ).

205 3235 239 3301 (l)
254 3235 337 3287 Levit.
351 3249 408 3304 cep.
423 3236 462 3287 tl.
478 3265 508 3274 -
523 3235 558 3302 (t)
576 3236 640 3288 cen.
661 3235 698 3296 10,
716 3250 741 3287 c.
752 3235 796 3288 li.
812 3247 838 3302 q.
858 3239 921 3288 1.-
937 3237 972 3302 (3)
985 3235 1048 3288 Bul.
1064 3229 1183 3302 Superis.

174 3333 206 3345 -
220 3309 254 3372 li)
277 3307 338 3359 Bul.
358 3305 424 3360 Cum
445 3308 576 3368 nmmum.
598 3336 628 3346 —
642 3309 677 3373 (5)
695 3307 870 3359 Reiffens'tuel
891 3307 925 3359 de
939 3308 1037 3359 meled.
1052 3323 1079 3358 n.
1095 3309 1131 3359 20.
1143 3305 1183 3357 Sed

173 3379 286 3442 insuper
298 3379 450 3445 blasphemi
468 3393 501 3430 ex
512 3383 576 3444 jure
590 3379 662 3430 civili
674 3378 734 3428 eliis
747 3379 836 3443 poenis
849 3379 971 3442 corporis
981 3378 1182 3430 afflietiviseuer·

174 3449 251 3499 cendi
264 3455 336 3512 sunt,
352 3451 424 3515 qued
439 3451 503 3502 beni
518 3450 791 3516 Rerumpuhlieerum
803 3449 887 3500 duces
897 3451 993 3520 quovis
1008 3455 1126 3516 tempere
1139 3449 1182 3500 suis

173 3518 281 3582 legibus
292 3522 390 3585 exequi
405 3526 536 3572 curarunt
551 3533 632 3585 poenu
647 3521 775 3582 triremis,
791 3521 918 3578 carceris
940 3525 988 3570 eut
1000 3519 1100 3572 mitiori
1117 3531 1182 3586 pene

172 3588 345 3661 blasphemos
365 3589 516 3660 plectendo.
532 3589 599 3643 Cum
611 3605 675 3643 vero
689 3591 740 3644 hoe
752 3591 932 3657 blesphemiae
954 3593 1058 3644 crimen
1073 3588 1180 3643 iuleustis
