2468 4090
609 223 772 280 -tat-

167 343 268 395 lumna.
286 343 352 408 cap.
367 343 438 395 unio.
454 343 488 394 da
503 343 612 395 schism.
623 344 687 406 int;
697 349 724 395 at
735 346 766 395 ut
781 342 928 395 novissima
940 343 1116 395 leoitPiuslll
1126 357 1177 395 eon·

169 419 211 465 tra
225 413 390 465 cardinalem
407 413 573 478 Stephanum
596 414 723 466 carolum
745 415 783 466 Da
806 414 934 465 Lemonia
952 414 986 465 de
1011 415 1121 466 Brianna
1139 427 1175 464 an.

168 486 239 550 lici,
253 491 284 536 ut
297 489 370 551 patet
380 500 412 536 ax
425 486 594 538 documentis
607 487 686 538 editis
702 486 845 538 aTheiner
859 501 887 538 n.
904 486 945 549 35,
956 489 982 536 et
992 500 1026 537 ex
1039 486 1110 538 bullo
1121 483 1179 537 Vobis

166 557 214 622 qut
228 557 316 621 ejusd.
331 556 406 680 Ponti.
421 571 464 608 an.
479 558 548 622 1791,
561 561 592 610 ut
605 557 634 610 in
649 557 722 614 Bull.
734 572 795 610 nov.
810 561 874 610 tom.
885 558 910 624 9,
922 571 983 624 pag.
996 557 1109 623 73.-(a)
1118 557 1177 608 ‘lrid

170 629 245 680 Seas.
260 628 300 686 at,
314 628 365 680 ol
402 629 482 680 aral.

201 809 263 866 lat.
279 805 468 882 disputatum
482 805 532 866 diu
547 806 611 880 luit,
628 823 664 865 au
686 805 854 867 cardinales
867 804 1096 882 praecedentiam
1108 820 1182 880 supra

170 893 335 970 Episeopos
349 895 504 966 haberent,
524 912 593 956 oum
612 894 814 955 cardinalatus
832 895 961 954 officium
981 893 1092 954 sitnon
1110 893 1179 952 ordo.

165 983 223 1042 Sed
239 982 437 1058 quaestionem
450 983 571 1044 abstulit
589 983 740 1060 Eugenius
760 987 794 1042 lv
809 983 860 1059 qui
879 982 1012 1042 definivit
1034 981 1183 1042 cardinales

164 1077 293 1132 oaeteros
310 1088 416 1132 omnes
437 1072 466 1132 in
489 1072 620 1132 Ecclesia
645 1077 714 1149 post
733 1075 762 1132 S.
778 1071 953 1131 Pontificem
975 1071 1090 1130 honore
1105 1076 1132 1129 et
1145 1068 1181 1127 di-

163 1158 278 1234 gnitate
297 1162 470 1236 praecellere
489 1167 529 1235 (t)
547 1180 553 1220 :
570 1169 600 1221 et
621 1161 740 1237 quidem
757 1160 877 1232 merito;
894 1176 965 1220 nam
978 1164 1065 1236 Papae
1078 1159 1181 1233 coadiu-

163 1255 255 1322 tores,
274 1256 305 1309 et
322 1250 507 1310 collaterales
529 1256 609 1322 aunt,
624 1257 657 1309 ut
670 1250 708 1310 de
722 1248 795 1325 ipsis
816 1248 912 1308 aiebat
926 1253 958 1307 n.
980 1248 1141 1308 Bernardus
1151 1245 1182 1305 ad

162 1335 327 1413 Eugenium
343 1341 391 1410 lll,
404 1337 451 1397 his
460 1338 559 1398 verbis
573 1359 579 1398 :
591 1339 747 1398 Veniamus
756 1339 795 1398 od
808 1337 999 1410 collaterales,
1010 1345 1038 1396 et
1051 1337 1183 1412 adjutores

165 1425 262 1486 Tuos:
280 1425 312 1485 lai
326 1426 422 1485 seduli
436 1427 495 1501 tui;
509 1427 541 1486 lri
557 1428 657 1486 intimi
678 1428 732 1501 tot,
748 1427 872 1502 eligendi
886 1427 920 1486 ele
938 1433 995 1486 toto
1011 1426 1086 1498 orbe,
1100 1425 1182 1485 ortem

157 1513 333 1589 judicaturi.
362 1520 490 1591 Insuper
516 1533 556 1576 ex
585 1515 756 1576 delinitione
783 1514 942 1575 Tridentini
968 1520 1007 1588 (a)
1031 1513 1183 1574 cardinales

165 1608 317 1679 tamquam
330 1609 416 1680 Papae
438 1604 598 1664 consiliarii
621 1606 685 1682 ejus
706 1609 846 1664 Senatum
867 1603 1066 1675 constituunt,
1091 1600 1182 1677 quihus

161 1689 296 1750 innititur
317 1691 492 1752 universalis
512 1695 653 1754 acclesiae
667 1690 892 1753 administratio.
907 1690 1009 1751 llerito
1028 1692 1180 1762 itaqueoae-

162 1778 233 1838 teris
265 1779 419 1857 Episoopis
456 1783 663 1856 praeferuntur.
693 1786 855 1857 Propterea
879 1780 1014 1857 pluribus
1038 1776 1182 1856 privilegiis

161 1867 365 1928 condecorati
391 1871 523 1942 luerunt,
551 1869 594 1930 uti
613 1870 748 1944 elegendi
770 1869 824 1929 sibi
842 1869 1068 1942 confessarium,
1093 1866 1182 1926 utendi
1224 1867 1225 1876 ³

165 1956 250 2016 altari
280 1958 420 2033 portatili,
449 1976 485 2018 aa
511 1959 628 2018 fruendi
655 1958 748 2018 rubro
775 1976 886 2034 pauno,
912 1958 1004 2018 rubro
1029 1959 1134 2030 galero,
1156 1961 1182 2014 et

160 2044 245 2105 titulo
268 2046 591 2107 Eminentiasirnorum.

192 2193 228 2260 (t)
247 2193 308 2246 Bul.
327 2190 456 2262 Superata
465 2194 552 2260 ejusd.
566 2195 646 2247 Pont.
662 2223 688 2233 —
701 2194 737 2260 (l)
752 2195 824 2248 Sess.
841 2195 880 2254 25,
895 2209 918 2247 o.
934 2197 957 2258 t,
972 2194 1006 2247 da
1022 2196 1071 2248 rel.

197 2377 263 2434 130.
289 2371 487 2434 cardinalium
509 2389 619 2433 munus
644 2370 793 2450 praecipue
808 2378 944 2432 versatur
969 2372 1000 2431 in
1025 2369 1179 2449 adjuvando
1223 2369 1224 2449 i

169 2469 199 2525 S.
214 2460 359 2522 Pontifioe
374 2461 405 2520 in
425 2460 569 2536 regimina
591 2460 766 2520 universalis
787 2461 937 2535 Ecclesiae,
950 2460 982 2520 in
995 2460 1123 2536 regenda
1133 2463 1178 2519 Ee·

169 2551 259 2613 clesia
275 2567 331 2610 suo
344 2549 464 2610 viduata
486 2554 618 2622 Pastore,
640 2548 670 2607 in
687 2548 824 2624 eligendo
843 2567 922 2609 novo
940 2549 1180 2621 Pontlfioe,inre·

167 2639 273 2717 gendis
297 2639 394 2700 saeris
419 2638 712 2714 congregationibus,
737 2638 845 2714 quibus
868 2644 937 2698 sunt
962 2639 1083 2715 addicti,
1100 2636 1177 2699 etin

165 2728 407 2791 administrandis
421 2727 574 2800 ccelesiis,
590 2727 697 2802 quibus
711 2734 779 2786 sunt
791 2727 976 2788 incardinari.
1222 2753 1223 2756 ¹

199 2815 356 2871 Summum
369 2809 543 2868 Pontificem
556 2809 696 2884 adjuvant
711 2807 879 2868 cardinales
892 2809 1058 2884 praesertim
1071 2809 1099 2868 in
1110 2801 1176 2868 con·

158 2897 293 2971 sist'orio,
318 2915 378 2972 quo
402 2896 522 2956 nomine
542 2895 713 2971 intelligitur
731 2896 927 2956 cardinalium
951 2914 1120 2971 concessus,
1135 2893 1176 2956 cui

159 2995 188 3049 S.
205 2986 343 3047 Pontifex
357 2991 484 3060 praeest
497 2985 709 3045 consistorium
733 2985 776 3045 sio
793 2985 915 3059 dietum,
931 2986 1001 3062 quia
1013 2986 1100 3046 simul
1111 3001 1174 3046 oan-

146 3076 235 3137 ¹sistit
249 3081 327 3151 Papa
352 3091 421 3133 oum
441 3073 654 3147 cardinalibus,
671 3074 780 3150 duplex
797 3080 853 3148 est,
867 3091 974 3151 nempe
993 3075 1174 3145 ordinarium,

157 3172 186 3225 et
201 3162 482 3226 extraordinarium.
505 3162 671 3238 ordinario
693 3163 774 3238 quod
794 3164 900 3223 dieitur
915 3163 1004 3226 etiam
1026 3171 1173 3235 secretum,
1221 3177 1222 3214 ὲ

156 3253 305 3313 intersunt
332 3258 448 3313 tantum
474 3247 657 3325 cardinales;
685 3253 922 3312 extraordinario
944 3271 1027 3327 vero,
1046 3254 1174 3330 quodest
1221 3228 1222 3311 l

157 3342 311 3418 publicum
326 3349 355 3402 et
368 3339 464 3416 magis
487 3341 631 3414 solamne,
654 3347 763 3417 praeter
783 3341 952 3402 cardinales
974 3342 1114 3402 assistunt
1134 3337 1173 3400 alii

157 3431 281 3506 aretari,
300 3437 330 3491 et
346 3428 482 3492 ministri.
507 3434 540 3489 ln
555 3428 739 3489 consistoriis
758 3429 910 3506 graviores
931 3431 1069 3492 Ecclesiae
1086 3444 1172 3492 causae

158 3526 335 3595 uocantur,
351 3527 381 3580 et
390 3519 527 3596 quaedam
540 3519 655 3595 maJora
666 3519 812 3582 beneficia
823 3521 1026 3598 conferuntur,
1039 3520 1172 3598 quaeideo
1220 3587 1221 3590 ,

157 3607 371 3677 oonsistorialia
384 3607 579 3685 appellantur.
1072 3689 1075 3697 Ι
