<?xml version="1.0" encoding="UTF-8"?>
<!DOCTYPE html PUBLIC "-//W3C//DTD XHTML 1.0 Transitional//EN"
    "http://www.w3.org/TR/xhtml1/DTD/xhtml1-transitional.dtd">
<html xmlns="http://www.w3.org/1999/xhtml" xml:lang="en" lang="en">
 <head>
  <title>
</title>
<meta http-equiv="Content-Type" content="text/html;charset=utf-8" />
  <meta name='ocr-system' content='tesseract 3.04.00' />
  <meta name='ocr-capabilities' content='ocr_page ocr_carea ocr_par ocr_line ocrx_word'/>
</head>
<body>
  <div class='ocr_page' id='page_1' title='image "./summainstitutio00ferrgoog_0070.png"; bbox 0 0 2566 4102; ppageno 0'>
   <div class='ocr_carea' id='block_1_1' title="bbox 26 331 28 420">
    <p class='ocr_par' dir='ltr' id='par_1_1' title="bbox 26 303 28 420">
     <span class='ocr_line' id='line_1_1' title="bbox 26 331 28 420; baseline 0 0"><span class='ocrx_word' id='word_1_1' title='bbox 26 331 28 420; x_wconf 81' lang='lat' dir='ltr'><em>t</em></span> 
     </span>
    </p>
   </div>
   <div class='ocr_carea' id='block_1_2' title="bbox 150 215 1125 412">
    <p class='ocr_par' dir='ltr' id='par_1_2' title="bbox 150 215 1125 412">
     <span class='ocr_line' id='line_1_2' title="bbox 557 215 679 269; baseline 0 -14"><span class='ocrx_word' id='word_1_2' title='bbox 557 242 589 255; x_wconf 89' lang='lat'>-</span> <span class='ocrx_word' id='word_1_3' title='bbox 607 215 626 269; x_wconf 80' lang='lat'>5</span> <span class='ocrx_word' id='word_1_4' title='bbox 643 243 679 253; x_wconf 88' lang='grc'><em>.-</em></span> 
     </span>
     <span class='ocr_line' id='line_1_3' title="bbox 150 319 1125 412; baseline 0.002 -18"><span class='ocrx_word' id='word_1_5' title='bbox 150 337 231 396; x_wconf 82' lang='lat' dir='ltr'><em>Vetus</em></span> <span class='ocrx_word' id='word_1_6' title='bbox 242 333 315 395; x_wconf 91' lang='lat' dir='ltr'><em>illud</em></span> <span class='ocrx_word' id='word_1_7' title='bbox 328 319 453 412; x_wconf 81' lang='lat' dir='ltr'><em>triplicis</em></span> <span class='ocrx_word' id='word_1_8' title='bbox 460 335 579 410; x_wconf 83' lang='lat' dir='ltr'><em>generis</em></span> <span class='ocrx_word' id='word_1_9' title='bbox 593 340 744 412; x_wconf 78' lang='lat' dir='ltr'><em>praecepta</em></span> <span class='ocrx_word' id='word_1_10' title='bbox 758 335 857 411; x_wconf 88' lang='lat' dir='ltr'><em>habet,</em></span> <span class='ocrx_word' id='word_1_11' title='bbox 873 352 981 412; x_wconf 83' lang='lat' dir='ltr'>nempe</span> <span class='ocrx_word' id='word_1_12' title='bbox 992 350 1125 396; x_wconf 70' lang='lat' dir='ltr'><em>caream</em></span> 
     </span>
    </p>
   </div>
   <div class='ocr_carea' id='block_1_3' title="bbox 26 423 1130 590">
    <p class='ocr_par' dir='ltr' id='par_1_3' title="bbox 26 423 1130 590">
     <span class='ocr_line' id='line_1_4' title="bbox 120 423 1129 500; baseline 0.004 -17.659"><span class='ocrx_word' id='word_1_13' title='bbox 120 423 213 498; x_wconf 70' lang='lat' dir='ltr'><em>salia,</em></span> <span class='ocrx_word' id='word_1_14' title='bbox 226 425 335 500; x_wconf 88' lang='lat' dir='ltr'><em>quibus</em></span> <span class='ocrx_word' id='word_1_15' title='bbox 352 423 445 484; x_wconf 90' lang='lat' dir='ltr'><em>divini</em></span> <span class='ocrx_word' id='word_1_16' title='bbox 465 425 563 484; x_wconf 89' lang='lat' dir='ltr'><em>cultus</em></span> <span class='ocrx_word' id='word_1_17' title='bbox 579 430 706 500; x_wconf 91' lang='lat' dir='ltr'><em>tempus,</em></span> <span class='ocrx_word' id='word_1_18' title='bbox 725 425 846 500; x_wconf 89' lang='lat' dir='ltr'><em>modus,</em></span> <span class='ocrx_word' id='word_1_19' title='bbox 862 432 893 486; x_wconf 90' lang='lat' dir='ltr'><em>et</em></span> <span class='ocrx_word' id='word_1_20' title='bbox 906 425 981 486; x_wconf 90' lang='lat' dir='ltr'><em>ritus</em></span> <span class='ocrx_word' id='word_1_21' title='bbox 994 425 1129 486; x_wconf 82' lang='lat' dir='ltr'><em>determi-</em></span> 
     </span>
     <span class='ocr_line' id='line_1_5' title="bbox 26 512 1130 590; baseline 0.001 -19"><span class='ocrx_word' id='word_1_22' title='bbox 26 535 28 578; x_wconf 75' lang='lat' dir='ltr'><em>t</em></span> <span class='ocrx_word' id='word_1_23' title='bbox 120 519 227 586; x_wconf 72' lang='lat' dir='ltr'><em>uantur,</em></span> <span class='ocrx_word' id='word_1_24' title='bbox 242 514 411 590; x_wconf 74' lang='lat' dir='ltr'><em>judicialia,</em></span> <span class='ocrx_word' id='word_1_25' title='bbox 431 529 497 590; x_wconf 87' lang='lat' dir='ltr'><em>quae</em></span> <span class='ocrx_word' id='word_1_26' title='bbox 519 513 558 572; x_wconf 89' lang='lat' dir='ltr'><em>ad</em></span> <span class='ocrx_word' id='word_1_27' title='bbox 571 512 725 589; x_wconf 90' lang='lat' dir='ltr'><em>politicum</em></span> <span class='ocrx_word' id='word_1_28' title='bbox 746 513 917 590; x_wconf 76' lang='lat' dir='ltr'><em>reipublicae</em></span> <span class='ocrx_word' id='word_1_29' title='bbox 930 514 1083 589; x_wconf 80' lang='lat' dir='ltr'><em>regimen,</em></span> <span class='ocrx_word' id='word_1_30' title='bbox 1099 519 1130 574; x_wconf 89' lang='lat' dir='ltr'><em>et</em></span> 
     </span>
    </p>
   </div>
   <div class='ocr_carea' id='block_1_4' title="bbox 26 593 1230 678">
    <p class='ocr_par' dir='ltr' id='par_1_4' title="bbox 26 593 1230 678">
     <span class='ocr_line' id='line_1_6' title="bbox 26 593 1230 678; baseline 0 -18"><span class='ocrx_word' id='word_1_31' title='bbox 26 593 27 622; x_wconf 37' lang='lat' dir='ltr'><em>l</em></span> <span class='ocrx_word' id='word_1_32' title='bbox 120 601 152 661; x_wconf 88' lang='lat' dir='ltr'><em>ad</em></span> <span class='ocrx_word' id='word_1_33' title='bbox 166 601 280 678; x_wconf 88' lang='lat' dir='ltr'><em>justitiae</em></span> <span class='ocrx_word' id='word_1_34' title='bbox 305 602 590 662; x_wconf 80' lang='lat' dir='ltr'><em>administrationem</em></span> <span class='ocrx_word' id='word_1_35' title='bbox 615 602 727 662; x_wconf 91' lang='lat' dir='ltr'><em>tamin</em></span> <span class='ocrx_word' id='word_1_36' title='bbox 751 602 848 663; x_wconf 90' lang='lat' dir='ltr'><em>causis</em></span> <span class='ocrx_word' id='word_1_37' title='bbox 870 603 1014 676; x_wconf 90' lang='lat' dir='ltr'><em>civilibus,</em></span> <span class='ocrx_word' id='word_1_38' title='bbox 1040 617 1129 678; x_wconf 87' lang='lat' dir='ltr'><em>quarn</em></span> <span class='ocrx_word' id='word_1_39' title='bbox 1225 609 1230 620; x_wconf 87' lang='lat'>&#39;</span> 
     </span>
    </p>
   </div>
   <div class='ocr_carea' id='block_1_5' title="bbox 26 690 1129 767">
    <p class='ocr_par' dir='ltr' id='par_1_5' title="bbox 26 690 1129 767">
     <span class='ocr_line' id='line_1_7' title="bbox 26 690 1129 767; baseline -0.001 -17"><span class='ocrx_word' id='word_1_40' title='bbox 26 703 27 726; x_wconf 73' lang='lat'><em>³</em></span> <span class='ocrx_word' id='word_1_41' title='bbox 120 691 309 752; x_wconf 71' lang='lat' dir='ltr'><em>criminalibus</em></span> <span class='ocrx_word' id='word_1_42' title='bbox 322 691 490 766; x_wconf 70' lang='lat' dir='ltr'><em>pertinent,</em></span> <span class='ocrx_word' id='word_1_43' title='bbox 513 697 543 750; x_wconf 94' lang='lat' dir='ltr'><em>et</em></span> <span class='ocrx_word' id='word_1_44' title='bbox 556 691 696 765; x_wconf 81' lang='lat' dir='ltr'><em>moralia,</em></span> <span class='ocrx_word' id='word_1_45' title='bbox 716 708 783 767; x_wconf 87' lang='lat' dir='ltr'><em>quae</em></span> <span class='ocrx_word' id='word_1_46' title='bbox 804 692 841 750; x_wconf 91' lang='lat' dir='ltr'><em>ad</em></span> <span class='ocrx_word' id='word_1_47' title='bbox 858 707 959 751; x_wconf 90' lang='lat' dir='ltr'><em>mores</em></span> <span class='ocrx_word' id='word_1_48' title='bbox 970 690 1129 766; x_wconf 68' lang='lat' dir='ltr'><em>regendos</em></span> 
     </span>
    </p>
   </div>
   <div class='ocr_carea' id='block_1_6' title="bbox 117 779 1142 3034">
    <p class='ocr_par' dir='ltr' id='par_1_6' title="bbox 119 779 1128 944">
     <span class='ocr_line' id='line_1_8' title="bbox 120 779 1128 856; baseline 0 -18"><span class='ocrx_word' id='word_1_49' title='bbox 120 789 145 838; x_wconf 90' lang='lat' dir='ltr'><em>et</em></span> <span class='ocrx_word' id='word_1_50' title='bbox 156 779 355 840; x_wconf 85' lang='lat' dir='ltr'><em>informandos</em></span> <span class='ocrx_word' id='word_1_51' title='bbox 367 781 546 854; x_wconf 87' lang='lat' dir='ltr'><em>referuntur,</em></span> <span class='ocrx_word' id='word_1_52' title='bbox 561 798 698 856; x_wconf 83' lang='lat' dir='ltr'><em>quaeque,</em></span> <span class='ocrx_word' id='word_1_53' title='bbox 713 783 881 840; x_wconf 86' lang='lat' dir='ltr'><em>affirmante</em></span> <span class='ocrx_word' id='word_1_54' title='bbox 894 786 926 840; x_wconf 86' lang='grc'><em>1).</em></span> <span class='ocrx_word' id='word_1_55' title='bbox 946 781 1056 840; x_wconf 85' lang='lat' dir='ltr'><em>Thorna</em></span> <span class='ocrx_word' id='word_1_56' title='bbox 1074 797 1128 840; x_wconf 83' lang='lat' dir='ltr'><em>eu-</em></span> 
     </span>
     <span class='ocr_line' id='line_1_9' title="bbox 119 867 1075 944; baseline -0.002 -17"><span class='ocrx_word' id='word_1_57' title='bbox 119 885 221 944; x_wconf 82' lang='lat' dir='ltr'><em>prcsse,</em></span> <span class='ocrx_word' id='word_1_58' title='bbox 238 871 284 930; x_wconf 87' lang='lat' dir='ltr'><em>vel</em></span> <span class='ocrx_word' id='word_1_59' title='bbox 297 868 386 928; x_wconf 89' lang='lat' dir='ltr'><em>tacite</em></span> <span class='ocrx_word' id='word_1_60' title='bbox 400 870 439 928; x_wconf 91' lang='lat' dir='ltr'><em>ad</em></span> <span class='ocrx_word' id='word_1_61' title='bbox 456 869 560 929; x_wconf 91' lang='lat' dir='ltr'><em>decem</em></span> <span class='ocrx_word' id='word_1_62' title='bbox 574 867 710 944; x_wconf 83' lang='lat' dir='ltr'><em>becalogi</em></span> <span class='ocrx_word' id='word_1_63' title='bbox 721 875 872 944; x_wconf 81' lang='lat' dir='ltr'><em>praecepta</em></span> <span class='ocrx_word' id='word_1_64' title='bbox 885 875 1075 928; x_wconf 82' lang='lat' dir='ltr'>revocantur.</span> 
     </span>
    </p>

    <p class='ocr_par' dir='ltr' id='par_1_7' title="bbox 118 955 1133 1743">
     <span class='ocr_line' id='line_1_10' title="bbox 149 955 1133 1032; baseline -0.004 -15"><span class='ocrx_word' id='word_1_65' title='bbox 149 963 200 1017; x_wconf 88' lang='lat' dir='ltr'><em>Per</em></span> <span class='ocrx_word' id='word_1_66' title='bbox 212 959 373 1018; x_wconf 88' lang='lat' dir='ltr'><em>adventum</em></span> <span class='ocrx_word' id='word_1_67' title='bbox 392 957 497 1018; x_wconf 82' lang='lat' dir='ltr'><em>Christi</em></span> <span class='ocrx_word' id='word_1_68' title='bbox 512 957 670 1017; x_wconf 82' lang='lat' dir='ltr'><em>salvatoris</em></span> <span class='ocrx_word' id='word_1_69' title='bbox 691 956 917 1030; x_wconf 80' lang='lat' dir='ltr'><em>caeremonialia,</em></span> <span class='ocrx_word' id='word_1_70' title='bbox 939 963 969 1016; x_wconf 91' lang='lat' dir='ltr'><em>ct</em></span> <span class='ocrx_word' id='word_1_71' title='bbox 983 955 1133 1032; x_wconf 80' lang='lat' dir='ltr'><em>judicialia</em></span> 
     </span>
     <span class='ocr_line' id='line_1_11' title="bbox 121 1045 1131 1124; baseline -0.003 -18"><span class='ocrx_word' id='word_1_72' title='bbox 121 1054 257 1124; x_wconf 80' lang='lat' dir='ltr'><em>precepta</em></span> <span class='ocrx_word' id='word_1_73' title='bbox 270 1048 386 1106; x_wconf 89' lang='lat' dir='ltr'><em>sublata</em></span> <span class='ocrx_word' id='word_1_74' title='bbox 397 1048 516 1106; x_wconf 90' lang='lat' dir='ltr'><em>luerunt</em></span> <span class='ocrx_word' id='word_1_75' title='bbox 534 1067 540 1106; x_wconf 90' lang='lat'><strong>:</strong></span> <span class='ocrx_word' id='word_1_76' title='bbox 555 1063 635 1120; x_wconf 89' lang='lat' dir='ltr'><em>nam,</em></span> <span class='ocrx_word' id='word_1_77' title='bbox 649 1048 793 1106; x_wconf 89' lang='lat' dir='ltr'><em>translato</em></span> <span class='ocrx_word' id='word_1_78' title='bbox 806 1062 860 1121; x_wconf 91' lang='lat' dir='ltr'><em>per</em></span> <span class='ocrx_word' id='word_1_79' title='bbox 875 1045 1022 1105; x_wconf 83' lang='lat' dir='ltr'><em>christum</em></span> <span class='ocrx_word' id='word_1_80' title='bbox 1031 1050 1131 1105; x_wconf 88' lang='lat' dir='ltr'><em>Sacer-</em></span> 
     </span>
     <span class='ocr_line' id='line_1_12' title="bbox 120 1133 1131 1210; baseline -0.002 -16"><span class='ocrx_word' id='word_1_81' title='bbox 120 1135 203 1210; x_wconf 83' lang='lat' dir='ltr'><em>onon,</em></span> <span class='ocrx_word' id='word_1_82' title='bbox 224 1143 258 1195; x_wconf 92' lang='lat' dir='ltr'><em>ut</em></span> <span class='ocrx_word' id='word_1_83' title='bbox 282 1137 323 1195; x_wconf 89' lang='lat' dir='ltr'><em>ait</em></span> <span class='ocrx_word' id='word_1_84' title='bbox 346 1142 379 1195; x_wconf 85' lang='lat' dir='ltr'><em>D.</em></span> <span class='ocrx_word' id='word_1_85' title='bbox 401 1137 508 1194; x_wconf 88' lang='lat' dir='ltr'><em>Paulus</em></span> <span class='ocrx_word' id='word_1_86' title='bbox 529 1139 581 1209; x_wconf 86' lang='lat'><em>(3),</em></span> <span class='ocrx_word' id='word_1_87' title='bbox 605 1152 730 1195; x_wconf 88' lang='lat' dir='ltr'><em>necesse</em></span> <span class='ocrx_word' id='word_1_88' title='bbox 749 1142 822 1206; x_wconf 90' lang='lat' dir='ltr'><em>erat,</em></span> <span class='ocrx_word' id='word_1_89' title='bbox 837 1141 869 1194; x_wconf 92' lang='lat' dir='ltr'><em>nt</em></span> <span class='ocrx_word' id='word_1_90' title='bbox 882 1133 956 1208; x_wconf 83' lang='lat' dir='ltr'><em>legis</em></span> <span class='ocrx_word' id='word_1_91' title='bbox 975 1134 1131 1193; x_wconf 85' lang='lat' dir='ltr'><em>translatio</em></span> 
     </span>
     <span class='ocr_line' id='line_1_13' title="bbox 120 1221 1133 1300; baseline -0.003 -17"><span class='ocrx_word' id='word_1_92' title='bbox 120 1225 205 1298; x_wconf 86' lang='lat' dir='ltr'><em>fieret,</em></span> <span class='ocrx_word' id='word_1_93' title='bbox 218 1232 248 1285; x_wconf 91' lang='lat' dir='ltr'><em>ct</em></span> <span class='ocrx_word' id='word_1_94' title='bbox 263 1226 458 1284; x_wconf 84' lang='lat' dir='ltr'><em>llehraeorum</em></span> <span class='ocrx_word' id='word_1_95' title='bbox 470 1225 544 1283; x_wconf 88' lang='lat' dir='ltr'><em>ritus</em></span> <span class='ocrx_word' id='word_1_96' title='bbox 557 1223 791 1300; x_wconf 87' lang='lat' dir='ltr'><em>antiquarentur,</em></span> <span class='ocrx_word' id='word_1_97' title='bbox 803 1240 840 1282; x_wconf 91' lang='lat' dir='ltr'><em>eo</em></span> <span class='ocrx_word' id='word_1_98' title='bbox 854 1223 946 1298; x_wconf 89' lang='lat' dir='ltr'><em>quod,</em></span> <span class='ocrx_word' id='word_1_99' title='bbox 958 1221 1133 1281; x_wconf 84' lang='lat' dir='ltr'><em>adveniente</em></span> 
     </span>
     <span class='ocr_line' id='line_1_14' title="bbox 120 1303 1130 1388; baseline -0.004 -16"><span class='ocrx_word' id='word_1_100' title='bbox 120 1314 234 1374; x_wconf 88' lang='lat' dir='ltr'><em>veritate</em></span> <span class='ocrx_word' id='word_1_101' title='bbox 252 1320 283 1374; x_wconf 96' lang='lat' dir='ltr'><em>et</em></span> <span class='ocrx_word' id='word_1_102' title='bbox 303 1314 381 1386; x_wconf 90' lang='lat' dir='ltr'><em>lnce,</em></span> <span class='ocrx_word' id='word_1_103' title='bbox 397 1303 501 1373; x_wconf 80' lang='lat' dir='ltr'><em>umbra</em></span> <span class='ocrx_word' id='word_1_104' title='bbox 516 1319 545 1373; x_wconf 93' lang='lat' dir='ltr'><em>et</em></span> <span class='ocrx_word' id='word_1_105' title='bbox 558 1314 654 1388; x_wconf 82' lang='lat' dir='ltr'><em>figura</em></span> <span class='ocrx_word' id='word_1_106' title='bbox 663 1313 811 1373; x_wconf 88' lang='lat' dir='ltr'><em>debebant</em></span> <span class='ocrx_word' id='word_1_107' title='bbox 826 1328 954 1370; x_wconf 89' lang='lat' dir='ltr'><em>cessare.</em></span> <span class='ocrx_word' id='word_1_108' title='bbox 972 1316 1012 1370; x_wconf 78' lang='lat' dir='ltr'><em>Ac</em></span> <span class='ocrx_word' id='word_1_109' title='bbox 1025 1326 1130 1369; x_wconf 90' lang='lat' dir='ltr'><em>revera</em></span> 
     </span>
     <span class='ocr_line' id='line_1_15' title="bbox 119 1398 1133 1475; baseline -0.005 -13"><span class='ocrx_word' id='word_1_110' title='bbox 119 1401 260 1462; x_wconf 89' lang='lat' dir='ltr'><em>veteribus</em></span> <span class='ocrx_word' id='word_1_111' title='bbox 281 1403 446 1475; x_wconf 81' lang='lat' dir='ltr'><em>exstinctis,</em></span> <span class='ocrx_word' id='word_1_112' title='bbox 469 1402 539 1461; x_wconf 89' lang='lat' dir='ltr'><em>novi</em></span> <span class='ocrx_word' id='word_1_113' title='bbox 558 1403 680 1461; x_wconf 90' lang='lat' dir='ltr'><em>luerunt</em></span> <span class='ocrx_word' id='word_1_114' title='bbox 699 1420 718 1461; x_wconf 90' lang='lat' dir='ltr'><em>a</em></span> <span class='ocrx_word' id='word_1_115' title='bbox 743 1402 895 1461; x_wconf 85' lang='lat' dir='ltr'><em>salvatore</em></span> <span class='ocrx_word' id='word_1_116' title='bbox 909 1399 1033 1459; x_wconf 88' lang='lat' dir='ltr'><em>instituti</em></span> <span class='ocrx_word' id='word_1_117' title='bbox 1048 1398 1133 1471; x_wconf 88' lang='lat' dir='ltr'><em>ritus,</em></span> 
     </span>
     <span class='ocr_line' id='line_1_16' title="bbox 119 1487 1128 1565; baseline -0.005 -15"><span class='ocrx_word' id='word_1_118' title='bbox 119 1509 188 1551; x_wconf 90' lang='lat' dir='ltr'><em>nova</em></span> <span class='ocrx_word' id='word_1_119' title='bbox 200 1494 262 1565; x_wconf 84' lang='lat' dir='ltr'><em>lex,</em></span> <span class='ocrx_word' id='word_1_120' title='bbox 282 1498 312 1551; x_wconf 91' lang='lat' dir='ltr'><em>et</em></span> <span class='ocrx_word' id='word_1_121' title='bbox 325 1509 403 1550; x_wconf 92' lang='lat' dir='ltr'><em>nova</em></span> <span class='ocrx_word' id='word_1_122' title='bbox 414 1501 610 1550; x_wconf 85' lang='lat' dir='ltr'><em>sacramenta.</em></span> <span class='ocrx_word' id='word_1_123' title='bbox 626 1489 655 1549; x_wconf 85' lang='lat' dir='ltr'><em>si</em></span> <span class='ocrx_word' id='word_1_124' title='bbox 672 1507 738 1565; x_wconf 86' lang='lat' dir='ltr'><em>quae</em></span> <span class='ocrx_word' id='word_1_125' title='bbox 754 1496 852 1548; x_wconf 90' lang='lat' dir='ltr'><em>tamen</em></span> <span class='ocrx_word' id='word_1_126' title='bbox 866 1487 1034 1564; x_wconf 86' lang='lat' dir='ltr'><em>hujusmodi</em></span> <span class='ocrx_word' id='word_1_127' title='bbox 1050 1504 1128 1562; x_wconf 85' lang='lat' dir='ltr'><em>prae-</em></span> 
     </span>
     <span class='ocr_line' id='line_1_17' title="bbox 118 1576 1132 1656; baseline -0.008 -15"><span class='ocrx_word' id='word_1_128' title='bbox 118 1587 196 1656; x_wconf 88' lang='lat' dir='ltr'><em>cepta</em></span> <span class='ocrx_word' id='word_1_129' title='bbox 209 1581 393 1640; x_wconf 89' lang='lat' dir='ltr'><em>etiamnunc</em></span> <span class='ocrx_word' id='word_1_130' title='bbox 406 1579 538 1638; x_wconf 77' lang='lat' dir='ltr'><em>Ecclesia</em></span> <span class='ocrx_word' id='word_1_131' title='bbox 551 1585 660 1651; x_wconf 87' lang='lat' dir='ltr'><em>servat,</em></span> <span class='ocrx_word' id='word_1_132' title='bbox 677 1595 736 1637; x_wconf 95' lang='lat' dir='ltr'><em>non</em></span> <span class='ocrx_word' id='word_1_133' title='bbox 751 1580 851 1653; x_wconf 83' lang='lat' dir='ltr'><em>alege</em></span> <span class='ocrx_word' id='word_1_134' title='bbox 869 1577 963 1638; x_wconf 92' lang='lat' dir='ltr'><em>veteri</em></span> <span class='ocrx_word' id='word_1_135' title='bbox 985 1576 1046 1636; x_wconf 89' lang='lat' dir='ltr'><em>vim</em></span> <span class='ocrx_word' id='word_1_136' title='bbox 1059 1592 1132 1635; x_wconf 87' lang='lat' dir='ltr'><em>nan-</em></span> 
     </span>
     <span class='ocr_line' id='line_1_18' title="bbox 118 1667 939 1743; baseline -0.006 -14"><span class='ocrx_word' id='word_1_137' title='bbox 118 1669 271 1742; x_wconf 86' lang='lat' dir='ltr'><em>ciscuntur,</em></span> <span class='ocrx_word' id='word_1_138' title='bbox 287 1669 340 1729; x_wconf 91' lang='lat' dir='ltr'><em>sed</em></span> <span class='ocrx_word' id='word_1_139' title='bbox 353 1685 458 1728; x_wconf 89' lang='lat' dir='ltr'><em>anova</em></span> <span class='ocrx_word' id='word_1_140' title='bbox 471 1687 489 1728; x_wconf 91' lang='lat' dir='ltr'><em>a</em></span> <span class='ocrx_word' id='word_1_141' title='bbox 502 1685 561 1743; x_wconf 90' lang='lat' dir='ltr'><em>qua</em></span> <span class='ocrx_word' id='word_1_142' title='bbox 574 1667 694 1727; x_wconf 88' lang='lat' dir='ltr'><em>inerunt</em></span> <span class='ocrx_word' id='word_1_143' title='bbox 709 1667 873 1743; x_wconf 87' lang='lat' dir='ltr'><em>approbata</em></span> <span class='ocrx_word' id='word_1_144' title='bbox 887 1670 939 1738; x_wconf 81' lang='grc'>(1).</span> 
     </span>
    </p>

    <p class='ocr_par' dir='ltr' id='par_1_8' title="bbox 117 1755 1140 2714">
     <span class='ocr_line' id='line_1_19' title="bbox 150 1755 1136 1832; baseline -0.006 -14"><span class='ocrx_word' id='word_1_145' title='bbox 150 1759 265 1824; x_wconf 86' lang='lat' dir='ltr'><em>ltoralia</em></span> <span class='ocrx_word' id='word_1_146' title='bbox 278 1773 351 1816; x_wconf 92' lang='lat' dir='ltr'><em>vero</em></span> <span class='ocrx_word' id='word_1_147' title='bbox 366 1762 526 1832; x_wconf 76' lang='lat' dir='ltr'><em>praccepta,</em></span> <span class='ocrx_word' id='word_1_148' title='bbox 550 1763 583 1815; x_wconf 90' lang='lat' dir='ltr'><em>ut</em></span> <span class='ocrx_word' id='word_1_149' title='bbox 605 1757 685 1829; x_wconf 82' lang='grc'>111111,</span> <span class='ocrx_word' id='word_1_150' title='bbox 699 1756 740 1815; x_wconf 90' lang='lat' dir='ltr'><em>ita</em></span> <span class='ocrx_word' id='word_1_151' title='bbox 759 1772 849 1827; x_wconf 90' lang='lat' dir='ltr'><em>nuno,</em></span> <span class='ocrx_word' id='word_1_152' title='bbox 865 1761 895 1815; x_wconf 92' lang='lat' dir='ltr'><em>et</em></span> <span class='ocrx_word' id='word_1_153' title='bbox 913 1755 1136 1830; x_wconf 88' lang='lat' dir='ltr'><em>inperpetuum</em></span> 
     </span>
     <span class='ocr_line' id='line_1_20' title="bbox 119 1835 1136 1910; baseline -0.001 -15"><span class='ocrx_word' id='word_1_154' title='bbox 119 1838 144 1896; x_wconf 92' lang='lat' dir='ltr'><em>in</em></span> <span class='ocrx_word' id='word_1_155' title='bbox 156 1838 241 1899; x_wconf 89' lang='lat' dir='ltr'><em>viridi</em></span> <span class='ocrx_word' id='word_1_156' title='bbox 255 1837 445 1897; x_wconf 88' lang='lat' dir='ltr'><em>observantia</em></span> <span class='ocrx_word' id='word_1_157' title='bbox 465 1837 594 1896; x_wconf 87' lang='lat' dir='ltr'><em>stabunt.</em></span> <span class='ocrx_word' id='word_1_158' title='bbox 621 1842 690 1896; x_wconf 87' lang='lat' dir='ltr'><em>llaec</em></span> <span class='ocrx_word' id='word_1_159' title='bbox 705 1835 785 1896; x_wconf 91' lang='lat' dir='ltr'><em>enim</em></span> <span class='ocrx_word' id='word_1_160' title='bbox 798 1836 839 1894; x_wconf 94' lang='lat' dir='ltr'><em>nil</em></span> <span class='ocrx_word' id='word_1_161' title='bbox 853 1836 931 1895; x_wconf 90' lang='lat' dir='ltr'><em>aliud</em></span> <span class='ocrx_word' id='word_1_162' title='bbox 946 1841 1026 1907; x_wconf 90' lang='lat' dir='ltr'><em>sunt,</em></span> <span class='ocrx_word' id='word_1_163' title='bbox 1039 1850 1136 1910; x_wconf 80' lang='lat' dir='ltr'><em>,quam</em></span> 
     </span>
     <span class='ocr_line' id='line_1_21' title="bbox 119 1924 1134 2003; baseline -0.003 -18"><span class='ocrx_word' id='word_1_164' title='bbox 119 1927 257 2003; x_wconf 90' lang='lat' dir='ltr'><em>principia</em></span> <span class='ocrx_word' id='word_1_165' title='bbox 271 1927 347 2003; x_wconf 83' lang='lat' dir='ltr'><em>legis</em></span> <span class='ocrx_word' id='word_1_166' title='bbox 365 1933 492 1999; x_wconf 85' lang='lat' dir='ltr'><em>naturae,</em></span> <span class='ocrx_word' id='word_1_167' title='bbox 509 1943 576 2002; x_wconf 87' lang='lat' dir='ltr'><em>quae</em></span> <span class='ocrx_word' id='word_1_168' title='bbox 589 1924 810 1985; x_wconf 88' lang='lat' dir='ltr'><em>immutabiliter</em></span> <span class='ocrx_word' id='word_1_169' title='bbox 824 1926 930 1986; x_wconf 88' lang='lat' dir='ltr'><em>eadem</em></span> <span class='ocrx_word' id='word_1_170' title='bbox 952 1929 1134 2000; x_wconf 88' lang='lat' dir='ltr'><em>perseverat.</em></span> 
     </span>
     <span class='ocr_line' id='line_1_22' title="bbox 118 2011 1134 2093; baseline -0.004 -17"><span class='ocrx_word' id='word_1_171' title='bbox 118 2016 233 2093; x_wconf 87' lang='lat' dir='ltr'><em>Scripsit</em></span> <span class='ocrx_word' id='word_1_172' title='bbox 254 2033 363 2075; x_wconf 88' lang='lat' dir='ltr'><em>manus</em></span> <span class='ocrx_word' id='word_1_173' title='bbox 390 2014 441 2075; x_wconf 83' lang='lat' dir='ltr'><em>bei</em></span> <span class='ocrx_word' id='word_1_174' title='bbox 468 2017 533 2074; x_wconf 85' lang='lat' dir='ltr'><em>haec</em></span> <span class='ocrx_word' id='word_1_175' title='bbox 555 2014 703 2092; x_wconf 88' lang='lat' dir='ltr'><em>principia</em></span> <span class='ocrx_word' id='word_1_176' title='bbox 734 2015 817 2090; x_wconf 89' lang='lat' dir='ltr'><em>prius</em></span> <span class='ocrx_word' id='word_1_177' title='bbox 835 2014 866 2074; x_wconf 91' lang='lat' dir='ltr'><em>in</em></span> <span class='ocrx_word' id='word_1_178' title='bbox 891 2015 983 2073; x_wconf 90' lang='lat' dir='ltr'><em>corde</em></span> <span class='ocrx_word' id='word_1_179' title='bbox 996 2011 1134 2085; x_wconf 89' lang='lat' dir='ltr'><em>hominis,</em></span> 
     </span>
     <span class='ocr_line' id='line_1_23' title="bbox 119 2102 1137 2180; baseline -0.006 -14"><span class='ocrx_word' id='word_1_180' title='bbox 119 2106 219 2166; x_wconf 89' lang='lat' dir='ltr'><em>deinde</em></span> <span class='ocrx_word' id='word_1_181' title='bbox 232 2105 264 2164; x_wconf 92' lang='lat' dir='ltr'><em>in</em></span> <span class='ocrx_word' id='word_1_182' title='bbox 279 2105 386 2164; x_wconf 89' lang='lat' dir='ltr'><em>tabulis</em></span> <span class='ocrx_word' id='word_1_183' title='bbox 399 2105 532 2180; x_wconf 73' lang='lat' dir='ltr'><em>lapideis</em></span> <span class='ocrx_word' id='word_1_184' title='bbox 546 2110 580 2164; x_wconf 94' lang='lat' dir='ltr'><em>ut</em></span> <span class='ocrx_word' id='word_1_185' title='bbox 596 2103 709 2164; x_wconf 82' lang='lat' dir='ltr'><em>liebraei</em></span> <span class='ocrx_word' id='word_1_186' title='bbox 720 2102 893 2179; x_wconf 81' lang='lat' dir='ltr'><em>pervicaces</em></span> <span class='ocrx_word' id='word_1_187' title='bbox 903 2103 997 2162; x_wconf 91' lang='lat' dir='ltr'><em>oculis</em></span> <span class='ocrx_word' id='word_1_188' title='bbox 1010 2102 1137 2162; x_wconf 89' lang='lat' dir='ltr'><em>forinse-</em></span> 
     </span>
     <span class='ocr_line' id='line_1_24' title="bbox 120 2191 1138 2268; baseline -0.001 -18"><span class='ocrx_word' id='word_1_189' title='bbox 120 2209 166 2251; x_wconf 90' lang='lat' dir='ltr'><em>cus</em></span> <span class='ocrx_word' id='word_1_190' title='bbox 185 2199 378 2268; x_wconf 87' lang='lat' dir='ltr'><em>usurparent,</em></span> <span class='ocrx_word' id='word_1_191' title='bbox 397 2192 477 2268; x_wconf 88' lang='lat' dir='ltr'><em>qnod</em></span> <span class='ocrx_word' id='word_1_192' title='bbox 491 2193 570 2252; x_wconf 91' lang='lat' dir='ltr'><em>intus</em></span> <span class='ocrx_word' id='word_1_193' title='bbox 587 2193 617 2251; x_wconf 92' lang='lat' dir='ltr'><em>iu</em></span> <span class='ocrx_word' id='word_1_194' title='bbox 633 2193 725 2252; x_wconf 90' lang='lat' dir='ltr'><em>corde</em></span> <span class='ocrx_word' id='word_1_195' title='bbox 738 2193 879 2254; x_wconf 88' lang='lat' dir='ltr'><em>nolebant</em></span> <span class='ocrx_word' id='word_1_196' title='bbox 899 2193 1011 2266; x_wconf 81' lang='lat' dir='ltr'><em>legere,</em></span> <span class='ocrx_word' id='word_1_197' title='bbox 1030 2191 1138 2266; x_wconf 89' lang='lat' dir='ltr'><em>quibus</em></span> 
     </span>
     <span class='ocr_line' id='line_1_25' title="bbox 120 2282 1140 2358; baseline -0.002 -18"><span class='ocrx_word' id='word_1_198' title='bbox 120 2283 258 2358; x_wconf 89' lang='lat' dir='ltr'><em>scriptum</em></span> <span class='ocrx_word' id='word_1_199' title='bbox 272 2289 336 2342; x_wconf 89' lang='lat' dir='ltr'><em>erat</em></span> <span class='ocrx_word' id='word_1_200' title='bbox 352 2301 359 2341; x_wconf 92' lang='lat'>:</span> <span class='ocrx_word' id='word_1_201' title='bbox 379 2283 477 2345; x_wconf 84' lang='lat' dir='ltr'><em>Redite</em></span> <span class='ocrx_word' id='word_1_202' title='bbox 493 2283 732 2358; x_wconf 72' lang='lat' dir='ltr'><em>prevaricatores</em></span> <span class='ocrx_word' id='word_1_203' title='bbox 743 2282 782 2342; x_wconf 92' lang='lat' dir='ltr'><em>ad</em></span> <span class='ocrx_word' id='word_1_204' title='bbox 797 2298 854 2340; x_wconf 85' lang='lat' dir='ltr'><em>cor.</em></span> <span class='ocrx_word' id='word_1_205' title='bbox 876 2287 999 2341; x_wconf 84' lang='lat' dir='ltr'><em>Demum</em></span> <span class='ocrx_word' id='word_1_206' title='bbox 1014 2295 1083 2340; x_wconf 90' lang='lat' dir='ltr'><em>oum</em></span> <span class='ocrx_word' id='word_1_207' title='bbox 1096 2285 1140 2338; x_wconf 90' lang='lat' dir='ltr'><em>ut·</em></span> 
     </span>
     <span class='ocr_line' id='line_1_26' title="bbox 120 2370 1138 2448; baseline -0.001 -19"><span class='ocrx_word' id='word_1_208' title='bbox 120 2388 242 2448; x_wconf 86' lang='lat' dir='ltr'><em>cumque</em></span> <span class='ocrx_word' id='word_1_209' title='bbox 255 2371 336 2432; x_wconf 90' lang='lat' dir='ltr'><em>intus</em></span> <span class='ocrx_word' id='word_1_210' title='bbox 350 2378 380 2432; x_wconf 91' lang='lat' dir='ltr'><em>et</em></span> <span class='ocrx_word' id='word_1_211' title='bbox 390 2378 476 2432; x_wconf 80' lang='lat' dir='ltr'><em>extra</em></span> <span class='ocrx_word' id='word_1_212' title='bbox 490 2371 641 2448; x_wconf 88' lang='lat' dir='ltr'><em>loquentia</em></span> <span class='ocrx_word' id='word_1_213' title='bbox 654 2372 719 2432; x_wconf 82' lang='lat' dir='ltr'><em>haec</em></span> <span class='ocrx_word' id='word_1_214' title='bbox 741 2378 892 2447; x_wconf 77' lang='lat' dir='ltr'><em>praecepta</em></span> <span class='ocrx_word' id='word_1_215' title='bbox 912 2371 988 2431; x_wconf 87' lang='lat' dir='ltr'><em>inter</em></span> <span class='ocrx_word' id='word_1_216' title='bbox 1001 2370 1138 2430; x_wconf 90' lang='lat' dir='ltr'><em>homines</em></span> 
     </span>
     <span class='ocr_line' id='line_1_27' title="bbox 118 2457 1139 2536; baseline -0.004 -16"><span class='ocrx_word' id='word_1_217' title='bbox 118 2461 213 2534; x_wconf 85' lang='lat' dir='ltr'><em>pravis</em></span> <span class='ocrx_word' id='word_1_218' title='bbox 224 2460 435 2536; x_wconf 85' lang='lat' dir='ltr'><em>cupiditatibus</em></span> <span class='ocrx_word' id='word_1_219' title='bbox 448 2459 598 2536; x_wconf 79' lang='lat' dir='ltr'><em>saginatos</em></span> <span class='ocrx_word' id='word_1_220' title='bbox 609 2461 672 2536; x_wconf 90' lang='lat' dir='ltr'><em>jam</em></span> <span class='ocrx_word' id='word_1_221' title='bbox 681 2460 847 2533; x_wconf 91' lang='lat' dir='ltr'><em>obscurari,</em></span> <span class='ocrx_word' id='word_1_222' title='bbox 856 2465 888 2519; x_wconf 93' lang='lat' dir='ltr'><em>et</em></span> <span class='ocrx_word' id='word_1_223' title='bbox 900 2475 1022 2535; x_wconf 89' lang='lat' dir='ltr'><em>pessum</em></span> <span class='ocrx_word' id='word_1_224' title='bbox 1036 2457 1139 2518; x_wconf 91' lang='lat' dir='ltr'><em>venire</em></span> 
     </span>
     <span class='ocr_line' id='line_1_28' title="bbox 117 2547 1138 2626; baseline -0.001 -20"><span class='ocrx_word' id='word_1_225' title='bbox 117 2549 289 2626; x_wconf 84' lang='lat' dir='ltr'><em>inciperent,</em></span> <span class='ocrx_word' id='word_1_226' title='bbox 304 2550 448 2609; x_wconf 86' lang='lat' dir='ltr'><em>Dominus</em></span> <span class='ocrx_word' id='word_1_227' title='bbox 465 2556 567 2609; x_wconf 88' lang='lat' dir='ltr'><em>noster</em></span> <span class='ocrx_word' id='word_1_228' title='bbox 589 2548 620 2607; x_wconf 92' lang='lat' dir='ltr'><em>in</em></span> <span class='ocrx_word' id='word_1_229' title='bbox 632 2566 711 2608; x_wconf 91' lang='lat' dir='ltr'><em>nova</em></span> <span class='ocrx_word' id='word_1_230' title='bbox 724 2550 791 2624; x_wconf 81' lang='lat' dir='ltr'><em>lege</em></span> <span class='ocrx_word' id='word_1_231' title='bbox 802 2547 990 2622; x_wconf 87' lang='lat' dir='ltr'><em>restauravit,</em></span> <span class='ocrx_word' id='word_1_232' title='bbox 1005 2547 1138 2623; x_wconf 85' lang='lat' dir='ltr'><em>explica-</em></span> 
     </span>
     <span class='ocr_line' id='line_1_29' title="bbox 118 2636 934 2714; baseline 0.001 -19"><span class='ocrx_word' id='word_1_233' title='bbox 118 2637 163 2714; x_wconf 89' lang='lat' dir='ltr'><em>vit,</em></span> <span class='ocrx_word' id='word_1_234' title='bbox 176 2645 209 2699; x_wconf 91' lang='lat' dir='ltr'><em>et</em></span> <span class='ocrx_word' id='word_1_235' title='bbox 221 2639 317 2698; x_wconf 89' lang='lat' dir='ltr'><em>verbo</em></span> <span class='ocrx_word' id='word_1_236' title='bbox 332 2639 533 2714; x_wconf 82' lang='lat' dir='ltr'><em>exemploque</em></span> <span class='ocrx_word' id='word_1_237' title='bbox 551 2637 784 2698; x_wconf 89' lang='lat' dir='ltr'><em>cumulatissime</em></span> <span class='ocrx_word' id='word_1_238' title='bbox 796 2636 934 2696; x_wconf 87' lang='lat' dir='ltr'><em>firmavit.</em></span> 
     </span>
    </p>

    <p class='ocr_par' dir='ltr' id='par_1_9' title="bbox 117 2749 1142 3034">
     <span class='ocr_line' id='line_1_30' title="bbox 144 2749 1141 2822; baseline -0.006 -14"><span class='ocrx_word' id='word_1_239' title='bbox 144 2758 178 2822; x_wconf 95' lang='grc'><em>(1)</em></span> <span class='ocrx_word' id='word_1_240' title='bbox 194 2755 263 2807; x_wconf 90' lang='lat' dir='ltr'><em>Ideo</em></span> <span class='ocrx_word' id='word_1_241' title='bbox 275 2755 372 2806; x_wconf 88' lang='lat' dir='ltr'><em>marito</em></span> <span class='ocrx_word' id='word_1_242' title='bbox 388 2755 514 2807; x_wconf 85' lang='lat' dir='ltr'><em>damnata</em></span> <span class='ocrx_word' id='word_1_243' title='bbox 523 2755 574 2806; x_wconf 92' lang='lat' dir='ltr'><em>luit</em></span> <span class='ocrx_word' id='word_1_244' title='bbox 587 2767 704 2819; x_wconf 86' lang='lat' dir='ltr'><em>sequens</em></span> <span class='ocrx_word' id='word_1_245' title='bbox 717 2753 882 2819; x_wconf 88' lang='lat' dir='ltr'><em>propositio.</em></span> <span class='ocrx_word' id='word_1_246' title='bbox 897 2753 993 2804; x_wconf 78' lang='lat' dir='ltr'><em>Omnes</em></span> <span class='ocrx_word' id='word_1_247' title='bbox 1004 2749 1141 2817; x_wconf 74' lang='lat' dir='ltr'><em>calipionit</em></span> 
     </span>
     <span class='ocr_line' id='line_1_31' title="bbox 117 2823 1141 2890; baseline -0.006 -10"><span class='ocrx_word' id='word_1_248' title='bbox 117 2828 242 2882; x_wconf 74' lang='lat' dir='ltr'><em>ueritates</em></span> <span class='ocrx_word' id='word_1_249' title='bbox 255 2839 289 2878; x_wconf 82' lang='lat' dir='ltr'><em>cc</em></span> <span class='ocrx_word' id='word_1_250' title='bbox 300 2827 397 2878; x_wconf 84' lang='lat' dir='ltr'><em>aatioa</em></span> <span class='ocrx_word' id='word_1_251' title='bbox 405 2825 529 2878; x_wconf 79' lang='lat' dir='ltr'><em>hamana</em></span> <span class='ocrx_word' id='word_1_252' title='bbox 540 2825 656 2878; x_wconf 79' lang='lat' dir='ltr'><em>rationis</em></span> <span class='ocrx_word' id='word_1_253' title='bbox 665 2838 693 2877; x_wconf 81' lang='lat' dir='ltr'><em>oi</em></span> <span class='ocrx_word' id='word_1_254' title='bbox 688 2823 852 2890; x_wconf 52' lang='lat' dir='ltr'><em>&#39;dadacum</em></span> <span class='ocrx_word' id='word_1_255' title='bbox 863 2823 925 2875; x_wconf 86' lang='lat' dir='ltr'><em>binc</em></span> <span class='ocrx_word' id='word_1_256' title='bbox 936 2823 1054 2876; x_wconf 80' lang='lat' dir='ltr'><em>ratioast</em></span> <span class='ocrx_word' id='word_1_257' title='bbox 1066 2823 1141 2888; x_wconf 78' lang='lat' dir='ltr'><em>pria·</em></span> 
     </span>
     <span class='ocr_line' id='line_1_32' title="bbox 118 2892 1141 2979; baseline -0.006 -29"><span class='ocrx_word' id='word_1_258' title='bbox 118 2913 170 2963; x_wconf 82' lang='lat' dir='ltr'><em>ceps</em></span> <span class='ocrx_word' id='word_1_259' title='bbox 194 2910 304 2960; x_wconf 71' lang='lat' dir='ltr'><em>norma</em></span> <span class='ocrx_word' id='word_1_260' title='bbox 326 2911 383 2979; x_wconf 76' lang='lat' dir='ltr'><em>aaa</em></span> <span class='ocrx_word' id='word_1_261' title='bbox 395 2897 472 2950; x_wconf 79' lang='lat' dir='ltr'><em>aomo</em></span> <span class='ocrx_word' id='word_1_262' title='bbox 491 2895 669 2961; x_wconf 74' lang='lat' dir='ltr'><em>concitionem</em></span> <span class='ocrx_word' id='word_1_263' title='bbox 686 2895 808 2948; x_wconf 79' lang='lat' dir='ltr'><em>maniam</em></span> <span class='ocrx_word' id='word_1_264' title='bbox 830 2896 1019 2960; x_wconf 71' lang='lat' dir='ltr'><em>cuiuscumque</em></span> <span class='ocrx_word' id='word_1_265' title='bbox 1037 2892 1141 2958; x_wconf 72' lang='lat' dir='ltr'><em>qenais</em></span> 
     </span>
     <span class='ocr_line' id='line_1_33' title="bbox 118 2963 1142 3034; baseline -0.009 -12"><span class='ocrx_word' id='word_1_266' title='bbox 118 2970 265 3022; x_wconf 74' lang='lat' dir='ltr'><em>actitatam</em></span> <span class='ocrx_word' id='word_1_267' title='bbox 278 2981 382 3034; x_wconf 77' lang='lat' dir='ltr'><em>osseam</em></span> <span class='ocrx_word' id='word_1_268' title='bbox 377 2968 486 3034; x_wconf 68' lang='lat' dir='ltr'><em>&#39;porat</em></span> <span class='ocrx_word' id='word_1_269' title='bbox 500 2981 533 3019; x_wconf 90' lang='lat' dir='ltr'><em>ac</em></span> <span class='ocrx_word' id='word_1_270' title='bbox 550 2965 650 3018; x_wconf 82' lang='lat' dir='ltr'><em>debeat.</em></span> <span class='ocrx_word' id='word_1_271' title='bbox 667 2966 769 3031; x_wconf 80' lang='lat' dir='ltr'><em>Syllnb</em></span> <span class='ocrx_word' id='word_1_272' title='bbox 785 2979 863 3031; x_wconf 89' lang='lat' dir='ltr'><em>prop.</em></span> <span class='ocrx_word' id='word_1_273' title='bbox 878 2966 948 3016; x_wconf 74' lang='lat' dir='ltr'><em>ln-</em></span> <span class='ocrx_word' id='word_1_274' title='bbox 962 2965 996 3028; x_wconf 88' lang='grc'><em>(1)</em></span> <span class='ocrx_word' id='word_1_275' title='bbox 1013 2963 1055 3014; x_wconf 83' lang='grc'><em>111</em></span> <span class='ocrx_word' id='word_1_276' title='bbox 1069 2963 1142 3015; x_wconf 91' lang='lat' dir='ltr'><em>enim</em></span> 
     </span>
    </p>
   </div>
   <div class='ocr_carea' id='block_1_7' title="bbox 118 3035 1142 3176">
    <p class='ocr_par' dir='ltr' id='par_1_10' title="bbox 118 3035 1142 3176">
     <span class='ocr_line' id='line_1_34' title="bbox 119 3035 1142 3116; baseline -0.007 -24"><span class='ocrx_word' id='word_1_277' title='bbox 119 3040 319 3092; x_wconf 84' lang='lat' dir='ltr'><em>rationalistae:</em></span> <span class='ocrx_word' id='word_1_278' title='bbox 340 3038 442 3091; x_wconf 77' lang='lat' dir='ltr'><em>diuina</em></span> <span class='ocrx_word' id='word_1_279' title='bbox 464 3038 592 3091; x_wconf 85' lang='lat' dir='ltr'><em>revelatio</em></span> <span class='ocrx_word' id='word_1_280' title='bbox 613 3040 649 3089; x_wconf 84' lang='lat' dir='ltr'><em>cst</em></span> <span class='ocrx_word' id='word_1_281' title='bbox 672 3037 839 3102; x_wconf 69' lang='lat' dir='ltr'><em>imperfecta,</em></span> <span class='ocrx_word' id='word_1_282' title='bbox 861 3041 886 3090; x_wconf 85' lang='lat' dir='ltr'><em>et</em></span> <span class='ocrx_word' id='word_1_283' title='bbox 907 3035 1007 3088; x_wconf 86' lang='lat' dir='ltr'><em>idcirco</em></span> <span class='ocrx_word' id='word_1_284' title='bbox 1023 3035 1142 3116; x_wconf 72' lang='lat' dir='ltr'><em>sabjecta</em></span> 
     </span>
     <span class='ocr_line' id='line_1_35' title="bbox 118 3105 1142 3176; baseline -0.007 -12"><span class='ocrx_word' id='word_1_285' title='bbox 118 3112 242 3165; x_wconf 82' lang='lat' dir='ltr'><em>continuo</em></span> <span class='ocrx_word' id='word_1_286' title='bbox 258 3115 283 3164; x_wconf 82' lang='lat' dir='ltr'><em>ct</em></span> <span class='ocrx_word' id='word_1_287' title='bbox 297 3110 437 3176; x_wconf 72' lang='lat' dir='ltr'><em>indefinito</em></span> <span class='ocrx_word' id='word_1_288' title='bbox 453 3108 614 3175; x_wconf 63' lang='lat' dir='ltr'><em>processui,</em></span> <span class='ocrx_word' id='word_1_289' title='bbox 629 3121 675 3174; x_wconf 78' lang='lat' dir='ltr'><em>aaa</em></span> <span class='ocrx_word' id='word_1_290' title='bbox 671 3107 812 3160; x_wconf 83' lang='lat' dir='ltr'><em>bumana</em></span> <span class='ocrx_word' id='word_1_291' title='bbox 823 3108 940 3160; x_wconf 80' lang='lat' dir='ltr'><em>rationis</em></span> <span class='ocrx_word' id='word_1_292' title='bbox 965 3105 1142 3170; x_wconf 69' lang='lat' dir='ltr'><em>propraetore·</em></span> 
     </span>
    </p>
   </div>
   <div class='ocr_carea' id='block_1_8' title="bbox 93 3169 1141 3250">
    <p class='ocr_par' dir='ltr' id='par_1_11' title="bbox 93 3169 1141 3250">
     <span class='ocr_line' id='line_1_36' title="bbox 93 3169 1141 3250; baseline -0.004 -17"><span class='ocrx_word' id='word_1_293' title='bbox 93 3169 287 3248; x_wconf 71' lang='grc' dir='ltr'>’1111111ιά111</span> <span class='ocrx_word' id='word_1_294' title='bbox 305 3181 406 3246; x_wconf 85' lang='lat' dir='ltr'><em>Syllab</em></span> <span class='ocrx_word' id='word_1_295' title='bbox 418 3195 496 3246; x_wconf 90' lang='lat' dir='ltr'><em>prop.</em></span> <span class='ocrx_word' id='word_1_296' title='bbox 511 3182 535 3232; x_wconf 88' lang='lat'><strong>5</strong></span> <span class='ocrx_word' id='word_1_297' title='bbox 546 3181 607 3231; x_wconf 90' lang='lat' dir='ltr'><em>Non</em></span> <span class='ocrx_word' id='word_1_298' title='bbox 620 3183 662 3230; x_wconf 84' lang='lat' dir='ltr'><em>est</em></span> <span class='ocrx_word' id='word_1_299' title='bbox 676 3179 843 3250; x_wconf 86' lang='lat' dir='ltr'><em>imperfecta,</em></span> <span class='ocrx_word' id='word_1_300' title='bbox 858 3181 921 3246; x_wconf 88' lang='lat' dir='ltr'><em>quia</em></span> <span class='ocrx_word' id='word_1_301' title='bbox 933 3178 1063 3242; x_wconf 85' lang='lat' dir='ltr'><em>mysteria</em></span> <span class='ocrx_word' id='word_1_302' title='bbox 1076 3191 1141 3229; x_wconf 89' lang='lat' dir='ltr'><em>con·</em></span> 
     </span>
    </p>
   </div>
   <div class='ocr_carea' id='block_1_9' title="bbox 118 3248 1142 3690">
    <p class='ocr_par' dir='ltr' id='par_1_12' title="bbox 118 3248 1142 3690">
     <span class='ocr_line' id='line_1_37' title="bbox 119 3248 1141 3314; baseline -0.006 -10"><span class='ocrx_word' id='word_1_303' title='bbox 119 3257 209 3314; x_wconf 86' lang='lat' dir='ltr'><em>lineat,</em></span> <span class='ocrx_word' id='word_1_304' title='bbox 224 3257 252 3304; x_wconf 89' lang='lat' dir='ltr'><em>et</em></span> <span class='ocrx_word' id='word_1_305' title='bbox 264 3252 344 3304; x_wconf 86' lang='lat' dir='ltr'><em>tidem</em></span> <span class='ocrx_word' id='word_1_306' title='bbox 360 3253 497 3314; x_wconf 87' lang='lat' dir='ltr'><em>adstruat,</em></span> <span class='ocrx_word' id='word_1_307' title='bbox 514 3265 577 3302; x_wconf 90' lang='lat' dir='ltr'><em>narn</em></span> <span class='ocrx_word' id='word_1_308' title='bbox 592 3263 654 3301; x_wconf 91' lang='lat' dir='ltr'><em>oum</em></span> <span class='ocrx_word' id='word_1_309' title='bbox 668 3250 759 3300; x_wconf 88' lang='lat' dir='ltr'><em>divina</em></span> <span class='ocrx_word' id='word_1_310' title='bbox 775 3253 900 3314; x_wconf 88' lang='lat' dir='ltr'><em>essentia,</em></span> <span class='ocrx_word' id='word_1_311' title='bbox 914 3253 940 3300; x_wconf 86' lang='lat' dir='ltr'><em>et</em></span> <span class='ocrx_word' id='word_1_312' title='bbox 953 3248 1083 3300; x_wconf 87' lang='lat' dir='ltr'><em>attributa</em></span> <span class='ocrx_word' id='word_1_313' title='bbox 1097 3262 1141 3298; x_wconf 91' lang='lat' dir='ltr'><em>re·</em></span> 
     </span>
     <span class='ocr_line' id='line_1_38' title="bbox 120 3321 1142 3388; baseline -0.007 -12"><span class='ocrx_word' id='word_1_314' title='bbox 120 3327 207 3376; x_wconf 89' lang='lat' dir='ltr'><em>velata</em></span> <span class='ocrx_word' id='word_1_315' title='bbox 224 3325 280 3376; x_wconf 89' lang='lat' dir='ltr'><em>sint</em></span> <span class='ocrx_word' id='word_1_316' title='bbox 292 3323 406 3386; x_wconf 87' lang='lat' dir='ltr'><em>inlinita,</em></span> <span class='ocrx_word' id='word_1_317' title='bbox 423 3322 525 3388; x_wconf 85' lang='lat' dir='ltr'><em>aliquid</em></span> <span class='ocrx_word' id='word_1_318' title='bbox 539 3321 675 3373; x_wconf 86' lang='lat' dir='ltr'><em>continere</em></span> <span class='ocrx_word' id='word_1_319' title='bbox 697 3321 796 3373; x_wconf 87' lang='lat' dir='ltr'><em>debent</em></span> <span class='ocrx_word' id='word_1_320' title='bbox 799 3321 891 3387; x_wconf 85' lang='lat' dir='ltr'><em>‚quod</em></span> <span class='ocrx_word' id='word_1_321' title='bbox 907 3321 986 3371; x_wconf 87' lang='lat' dir='ltr'><em>horno</em></span> <span class='ocrx_word' id='word_1_322' title='bbox 1000 3332 1049 3385; x_wconf 88' lang='lat' dir='ltr'><em>per</em></span> <span class='ocrx_word' id='word_1_323' title='bbox 1065 3333 1142 3370; x_wconf 89' lang='lat' dir='ltr'><em>suam</em></span> 
     </span>
     <span class='ocr_line' id='line_1_39' title="bbox 119 3389 1142 3477; baseline -0.006 -31"><span class='ocrx_word' id='word_1_324' title='bbox 119 3399 249 3448; x_wconf 88' lang='lat' dir='ltr'><em>rationem</em></span> <span class='ocrx_word' id='word_1_325' title='bbox 263 3409 361 3460; x_wconf 88' lang='lat' dir='ltr'><em>capere</em></span> <span class='ocrx_word' id='word_1_326' title='bbox 372 3398 502 3477; x_wconf 55' lang='lat' dir='ltr'><em>nequeam</em></span> <span class='ocrx_word' id='word_1_327' title='bbox 518 3395 545 3444; x_wconf 89' lang='lat' dir='ltr'><em>et</em></span> <span class='ocrx_word' id='word_1_328' title='bbox 559 3392 619 3443; x_wconf 88' lang='lat' dir='ltr'><em>ideo</em></span> <span class='ocrx_word' id='word_1_329' title='bbox 633 3392 699 3444; x_wconf 87' lang='lat' dir='ltr'><em>tides</em></span> <span class='ocrx_word' id='word_1_330' title='bbox 713 3393 765 3444; x_wconf 88' lang='lat' dir='ltr'><em>erit</em></span> <span class='ocrx_word' id='word_1_331' title='bbox 778 3406 862 3458; x_wconf 89' lang='lat' dir='ltr'><em>supra</em></span> <span class='ocrx_word' id='word_1_332' title='bbox 872 3393 1011 3453; x_wconf 87' lang='lat' dir='ltr'><em>rationem,</em></span> <span class='ocrx_word' id='word_1_333' title='bbox 1024 3389 1071 3442; x_wconf 88' lang='lat' dir='ltr'><em>sed</em></span> <span class='ocrx_word' id='word_1_334' title='bbox 1088 3404 1142 3441; x_wconf 91' lang='lat' dir='ltr'><em>non</em></span> 
     </span>
     <span class='ocr_line' id='line_1_40' title="bbox 118 3455 1142 3532; baseline -0.007 -14"><span class='ocrx_word' id='word_1_335' title='bbox 118 3473 210 3519; x_wconf 88' lang='lat' dir='ltr'><em>contra</em></span> <span class='ocrx_word' id='word_1_336' title='bbox 230 3467 372 3528; x_wconf 85' lang='lat' dir='ltr'><em>rationem,</em></span> <span class='ocrx_word' id='word_1_337' title='bbox 390 3465 455 3532; x_wconf 85' lang='lat' dir='ltr'><em>quia</em></span> <span class='ocrx_word' id='word_1_338' title='bbox 477 3463 539 3516; x_wconf 89' lang='lat' dir='ltr'><em>tidei</em></span> <span class='ocrx_word' id='word_1_339' title='bbox 562 3463 713 3516; x_wconf 82' lang='lat' dir='ltr'><em>strationis</em></span> <span class='ocrx_word' id='word_1_340' title='bbox 734 3464 806 3516; x_wconf 87' lang='lat' dir='ltr'><em>idem</em></span> <span class='ocrx_word' id='word_1_341' title='bbox 826 3468 868 3515; x_wconf 83' lang='lat' dir='ltr'><em>est</em></span> <span class='ocrx_word' id='word_1_342' title='bbox 889 3468 982 3514; x_wconf 84' lang='lat' dir='ltr'><em>auctor</em></span> <span class='ocrx_word' id='word_1_343' title='bbox 996 3463 1078 3526; x_wconf 85' lang='lat' dir='ltr'><em>Deus,</em></span> <span class='ocrx_word' id='word_1_344' title='bbox 1095 3455 1142 3528; x_wconf 85' lang='lat' dir='ltr'><em>qui</em></span> 
     </span>
     <span class='ocr_line' id='line_1_41' title="bbox 119 3501 1141 3604; baseline -0.004 -16"><span class='ocrx_word' id='word_1_345' title='bbox 119 3538 211 3604; x_wconf 89' lang='lat' dir='ltr'><em>nequit</em></span> <span class='ocrx_word' id='word_1_346' title='bbox 223 3537 278 3589; x_wconf 90' lang='lat' dir='ltr'><em>sibi</em></span> <span class='ocrx_word' id='word_1_347' title='bbox 289 3536 482 3588; x_wconf 86' lang='lat' dir='ltr'><em>contradicere.</em></span> <span class='ocrx_word' id='word_1_348' title='bbox 497 3535 539 3586; x_wconf 90' lang='lat' dir='ltr'><em>Ita</em></span> <span class='ocrx_word' id='word_1_349' title='bbox 552 3535 700 3598; x_wconf 80' lang='lat' dir='ltr'><em>Gazaaniga</em></span> <span class='ocrx_word' id='word_1_350' title='bbox 713 3535 747 3596; x_wconf 77' lang='lat' dir='ltr'><em>de</em></span> <span class='ocrx_word' id='word_1_351' title='bbox 760 3535 836 3585; x_wconf 87' lang='lat' dir='ltr'><em>lund</em></span> <span class='ocrx_word' id='word_1_352' title='bbox 850 3534 928 3598; x_wconf 82' lang='lat' dir='ltr'><em>relig</em></span> <span class='ocrx_word' id='word_1_353' title='bbox 943 3501 1141 3592; x_wconf 64' lang='grc'><em>1111111111,1</em></span> 
     </span>
     <span class='ocr_line' id='line_1_42' title="bbox 121 3605 1133 3690; baseline -0.008 -26"><span class='ocrx_word' id='word_1_354' title='bbox 121 3609 315 3690; x_wconf 55' lang='lat' dir='ltr'><em>olfflltimnm</em></span> <span class='ocrx_word' id='word_1_355' title='bbox 327 3606 474 3666; x_wconf 71' lang='lat' dir='ltr'><em>Concilium</em></span> <span class='ocrx_word' id='word_1_356' title='bbox 484 3605 648 3682; x_wconf 86' lang='lat' dir='ltr'><em>provinciale</em></span> <span class='ocrx_word' id='word_1_357' title='bbox 657 3605 864 3672; x_wconf 79' lang='lat' dir='ltr'><em>vindebonense</em></span> <span class='ocrx_word' id='word_1_358' title='bbox 874 3619 932 3686; x_wconf 84' lang='lat' dir='ltr'><em>cap.</em></span> <span class='ocrx_word' id='word_1_359' title='bbox 926 3607 967 3672; x_wconf 81' lang='lat' dir='ltr'><em>.t,</em></span> <span class='ocrx_word' id='word_1_360' title='bbox 982 3610 1010 3657; x_wconf 90' lang='lat' dir='ltr'><em>et</em></span> <span class='ocrx_word' id='word_1_361' title='bbox 1020 3605 1047 3664; x_wconf 77' lang='grc' dir='ltr'><em>Β.</em></span> <span class='ocrx_word' id='word_1_362' title='bbox 1059 3605 1133 3678; x_wconf 77' lang='lat' dir='ltr'><em>(long</em></span> 
     </span>
    </p>
   </div>
   <div class='ocr_carea' id='block_1_10' title="bbox 0 0 1288 4102">
    <p class='ocr_par' dir='ltr' id='par_1_13' title="bbox 0 0 1288 4102">
     <span class='ocr_line' id='line_1_43' title="bbox 0 0 1288 4102; baseline 0 0"><span class='ocrx_word' id='word_1_363' title='bbox 0 0 1288 4102; x_wconf 95' lang='lat' dir='ltr'><em> </em></span> 
     </span>
    </p>
   </div>
  </div>
 </body>
</html>
