2566 4102
20 294 21 352 1
77 310 152 415 >nem
167 333 349 396 instituerent,
365 335 392 388 et
401 335 430 388 in
444 335 565 388 sessione
582 334 714 402 vigesima
734 336 828 403 quinta
841 335 979 390 decretum
992 335 1053 399 mit,

107 419 166 460 rum
180 412 240 458 acto
253 406 374 459 Romano
388 407 510 460 Pontifici
520 407 721 470 exhiberentur,
732 412 763 460 ut
783 423 832 461 suo
849 407 952 474 judicio
967 413 994 460 et
1007 421 1054 460 au·

92 479 151 530 itate
166 478 247 530 index
258 477 392 530 librorum
405 479 604 545 prohibitorum
618 480 799 544 evulgaretur,
813 479 885 546 quod
906 494 922 530 a
936 480 984 532 Pio
1005 479 1057 544 IV,

89 565 101 600 o
129 549 209 613 teet,
233 551 335 601 iactum
360 551 421 602 fuit.
445 551 544 602 Postea
561 549 677 602 indicem
704 552 835 602 librorum
858 551 1057 617 prohibitorum

17 671 18 686 ,
83 621 174 672 derunt
186 620 233 671 alii
248 625 348 672 summi
361 621 507 673 Pontifices
528 635 588 671 cum
606 621 663 672 suis
677 623 788 687 regulis,
811 621 1055 682 observationibus,

17 709 18 714 κ
66 692 302 753 destructionibus,
313 693 444 745 utvidera
455 697 496 743 est
508 692 536 742 in
546 706 658 744 romana
675 693 793 745 editione
805 693 901 744 indicis
911 693 975 744 anni
988 692 1059 756 1841,

72 761 87 812 b
101 763 228 827 Gregorio
251 763 317 813 XVI
331 765 465 826 absolute,
480 765 507 814 et
518 764 664 827 publicata.
681 765 719 816 De
735 764 786 815 hac
801 766 915 816 materia
926 764 1058 816 librorum

83 834 328 956 nolingtae⁴lecttitoni7s
341 836 398 900 agit
410 835 462 886 lete
476 839 504 887 et
521 835 627 888 erudite
642 835 761 888 loannes
774 835 867 886 Devoti
879 834 906 886 in
920 835 977 886 suis
990 835 1059 888 lust.

90 929 95 959 t
125 921 164 955 1.
207 943 214 956 .
249 921 279 956 1.
323 944 330 956 .

16 1053 29 1132 i·
84 1052 111 1133 k.
126 1077 252 1134 nemum
264 1075 302 1133 ad
314 1073 533 1134 ecclesiasticas
541 1075 626 1150 leges
640 1074 810 1134 referuntur
825 1073 1058 1133 Declarationes.

16 1181 22 1298 ἰ
75 1156 189 1237 braium
204 1163 484 1238 congregationum,
495 1165 613 1238 Regulae
625 1163 813 1223 cancellariae
827 1160 1013 1237 apostolicae,
1030 1167 1060 1220 et

68 1243 227 1348 (neordata.
244 1251 463 1312 Declarationes
477 1257 635 1311 sacrarum
655 1251 933 1326 congregationum,
955 1256 986 1308 et
1003 1248 1060 1308 illae

71 1339 164 1401 exime
177 1344 205 1398 S.
222 1340 464 1416 congregationis
485 1339 606 1400 concilii
623 1339 793 1413 Tridentini,
815 1341 864 1400 vel
886 1337 1061 1398 emittuntur

52 1425 183 1503 allegem
196 1427 378 1488 anteriorem
391 1428 654 1503 interpretandam,
669 1429 717 1487 vel
731 1428 769 1486 ad
779 1428 876 1502 legem
896 1426 1060 1485 extenden-

52 1517 115 1589 ian,
129 1517 175 1576 vel
189 1518 227 1576 ad
249 1517 365 1592 privata
386 1517 506 1592 negotia
529 1517 706 1576 definienda.
724 1517 804 1577 Licet
826 1516 864 1575 de
886 1514 932 1574 his
955 1530 1062 1590 graves

53 1606 99 1665 sint
110 1605 185 1666 inter
199 1612 342 1666 Doctores
357 1607 547 1682 quaestiones,
565 1624 644 1666 verae
658 1605 855 1666 resolutiones
865 1604 952 1664 nobis
963 1603 1063 1663 viden·

52 1701 258 1771 insequentes
276 1716 282 1754 :
299 1696 440 1771 inprime
455 1713 526 1756 casu
541 1695 756 1756 declarationes
770 1695 881 1754 habent
894 1695 955 1753 vim
974 1693 1059 1768 legis,

54 1800 110 1842 cnm
121 1785 201 1858 fiant,
218 1785 356 1844 consulto
371 1784 522 1859 Pontifice,
539 1785 589 1860 qui
612 1801 697 1844 snam
709 1783 765 1843 illis
780 1784 879 1843 dando
902 1782 1062 1842 auctorita-

53 1877 109 1945 tem,
122 1889 189 1932 suas
203 1873 286 1945 facit;
301 1891 398 1949 neque
412 1873 500 1933 solita
514 1875 614 1950 legum
626 1872 825 1949 publicatione
840 1873 982 1948 indigent,
994 1871 1064 1948 qnia
1123 1875 1126 1882 '

53 1959 145 2037 inlege
158 1979 211 2022 eas
225 1963 398 2022 continente
420 1964 482 2038 J'am
506 1961 663 2038 publicatae
687 1967 857 2022 censentur.
881 1960 1064 2022 insecundo

54 2051 183 2110 casuum
197 2051 272 2128 legis
291 2068 352 2110 non
366 2051 487 2125 habent,
503 2051 559 2110 nisi
572 2050 702 2126 legitime
727 2050 925 2126 publicentur,
946 2050 1015 2126 quia
1031 2048 1063 2107 in

53 2138 106 2214 lege
118 2140 267 2215 publicata
280 2157 341 2200 nou
363 2140 562 2212 eontinentur,
579 2145 608 2199 et
623 2139 721 2214 reipsa
735 2155 820 2198 novae
832 2145 901 2198 sunt
923 2139 1014 2214 leges.
1030 2141 1064 2196 ln

54 2229 126 2288 tertio
145 2246 218 2288 casu
239 2229 340 2305 potius
362 2234 433 2288 sunt
455 2229 585 2300 decreta,
611 2233 642 2287 et
663 2227 827 2301 sententiae,
855 2243 946 2303 quam
968 2228 1061 2301 leges,

54 2333 106 2391 qua
114 2319 162 2393 jus
180 2318 293 2378 faciunt
308 2324 423 2377 tantum
435 2317 512 2376 inter
536 2322 646 2392 partes,
663 2315 718 2376 nisi
736 2316 950 2398 cansnetodiue
964 2321 994 2374 et
1006 2329 1064 2373 nso

52 2421 139 2468 rernm
155 2407 289 2468 similiter
304 2408 504 2483 judicatarum
517 2406 728 2466 sustineantur.
743 2406 862 2480 Regulae
876 2401 1064 2464 cancellariae

53 2502 109 2556 sont
140 2496 328 2572 septuaginta
355 2497 422 2555 duae
448 2493 676 2554 constitutiones
702 2493 828 2554 viventis
854 2490 1002 2554 pontilicis
1026 2489 1065 2548 ad

53 2586 240 2658 apostolicam
261 2583 472 2645 cancellariam
485 2583 646 2659 regendam
660 2581 742 2642 initio
756 2581 948 2642 pontificatus
964 2579 1062 2651 editae,

16 2743 17 2748 η
53 2689 116 2748 qnae,
130 2692 165 2734 eo
178 2673 259 2747 vivo,
274 2673 334 2732 vim
351 2673 425 2749 legis
438 2673 558 2743 habent,
572 2677 612 2746 et,
628 2689 664 2731 eo
678 2678 807 2742 mortuo,
820 2670 881 2730 vim
895 2669 970 2745 legis
979 2667 1065 2728 amit-

16 2767 17 2770 ’
53 2769 121 2836 tunt,
136 2780 247 2840 neque,
260 2764 356 2823 electo
369 2777 450 2821 novo
464 2761 616 2829 Pontiflee,
626 2759 818 2832 reviviscunt,
827 2758 882 2817 nisi
896 2758 934 2818 ab
948 2772 1063 2830 eopro-

53 2851 205 2927 hentor,·et
223 2851 449 2912 confirmentur.
471 2849 521 2912 iiis
540 2856 642 2910 minen
657 2851 688 2909 in
700 2847 801 2910 multis
812 2864 866 2924 per
880 2843 1065 2909 concordata

54 2940 218 3020 derogatum
228 2941 311 3012 init(
331 2947 351 3014 ).

78 3067 110 3134 (t)
127 3067 211 3122 Joeu.
228 3067 308 3134 Bapt.
333 3065 444 3133 Riganti
465 3066 494 3118 in
506 3078 621 3132 prooem.
635 3063 670 3118 ad
681 3077 748 3117 com.
763 3063 793 3114 in
806 3075 862 3128 reg.
876 3059 977 3114 cancel.

81 3243 121 3300 ii.
136 3237 394 3300 concordatorum
409 3235 531 3296 nomine
545 3233 669 3295 veniunt
682 3233 808 3305 indulta,
833 3229 896 3289 sive
915 3226 1065 3304 composi-

53 3325 136 3388 tiones
150 3329 241 3389 fectae
257 3327 335 3387 inter
347 3331 501 3386 Summum
511 3323 682 3386 Pontificem
699 3328 729 3382 et
743 3319 894 3394 Principes
908 3318 1067 3376 saeculares

52 3430 130 3492 super
141 3419 257 3496 J'urium
266 3415 438 3475 differentiis
447 3415 525 3474 inter
535 3419 692 3488 utramque
702 3414 880 3487 potestatem
890 3404 1004 3466 exortis
1015 3409 1066 3477 (t).

53 3506 194 3568 Interdum
201 3504 388 3566 concordata
401 3503 513 3563 habent
521 3501 668 3562 rationem
676 3496 819 3576 privilegii
831 3513 848 3554 a
862 3499 891 3555 S.
905 3495 981 3554 Sede
989 3493 1070 3554 Prin-

49 3598 153 3677 cipibus
164 3598 317 3672 concessi,
328 3597 410 3676 quod
424 3603 496 3658 tunc
509 3613 613 3656 verum
626 3602 683 3667 est,
695 3592 814 3670 quaudo
821 3588 977 3650 Pontifices
987 3588 1069 3650 Prin-
