2490 4088
397 205 401 211 “
479 217 621 272 -ue-

55 336 137 411 gandi,
158 334 226 412 quia
248 351 288 394 ex
309 333 422 394 actibus
444 352 536 396 merae
557 333 705 396 facultatis
725 337 839 413 absque
854 353 890 396 ea
911 337 1064 398 voluntate

55 426 149 498 cliniis,
163 442 221 484 non
241 423 372 484 exoritur
385 423 561 500 obligatoria
576 423 776 486 consuetudo.
896 491 904 498 ‚
1030 420 1034 434 '

81 516 160 574 babet
169 514 409 593 esse-observata
419 532 473 590 por
485 515 658 575 diuturnum
670 521 799 590 tempus,
811 513 881 589 quia
894 532 955 574 non
969 516 1063 592 illico,

54 606 95 663 sed
105 603 241 680 paulatim
252 602 461 679 introducitur,
481 611 511 664 et
525 605 654 680 denique
667 602 831 679 perficitur.
852 607 913 663 Hac
927 606 965 666 de
974 623 1064 666 causa

18 697 22 707 ‘
53 693 218 752 consuetudo
237 693 404 768 appelletur
423 710 496 752 usus
510 693 700 764 inveteratus,
715 707 789 750 usus
809 691 975 768 longevus,
991 713 1065 756 usus

53 782 208 858 abantiquis
223 781 377 857 probatus,
393 789 480 858 utque
494 789 638 842 macutus.
655 787 691 841 At
714 779 867 857 quodnam
891 787 1007 859 tempus
1025 784 1065 844 ad

53 871 114 931 banc
126 871 346 930 diuturnitatem
360 869 577 930 conficiendam
592 872 772 948 requiratur,
794 875 862 950 jura
877 888 937 930 non
960 872 1065 932 defini·

55 968 101 1020 unt.
109 959 271 1020 canonistas
280 965 379 1019 tamen
389 959 504 1036 passim,
510 959 630 1034 docent,
640 961 670 1019 in
680 961 896 1022 consuetudine
906 963 1066 1038 contraius

55 1065 128 1108 annos
139 1053 233 1121 tots),
246 1049 276 1106 in
286 1049 500 1108 consuetudine
513 1057 623 1124 praeter
630 1051 679 1125 jus
692 1056 727 1111 to
741 1068 837 1111 annos
853 1051 994 1110 sulficere
1011 1055 1063 1126 (9),

55 1137 198 1197 dumnullo
212 1131 358 1212 temporis
375 1139 460 1212 lapsu
481 1137 593 1212 indiget
614 1140 807 1200 consuetudo
825 1138 990 1200 secundum
1003 1141 1063 1215 J'us,

56 1243 105 1300 que
117 1227 181 1286 nile
193 1225 269 1300 legis
283 1225 525 1301 interpretatione
538 1227 646 1286 differt.
665 1229 723 1288 Sed
736 1234 884 1288 Doctores
898 1227 1019 1304 quidam
1034 1228 1065 1287 id

56 1330 102 1372 non
111 1315 246 1390 probant,
267 1312 408 1388 quiahoc
430 1315 521 1374 modo
542 1323 751 1390 argumentum
773 1316 938 1376 desumitur
956 1333 1065 1392 apria-

56 1404 194 1479 scriptione
203 1403 242 1462 ad
253 1402 509 1464 consuetudinem.
525 1409 594 1464 llaec
609 1405 729 1480 quidem
747 1405 839 1464 illatio
859 1404 988 1480 legitime
1001 1405 1066 1466 deri

56 1509 100 1551 non
112 1510 197 1568 posse
213 1491 342 1565 videtur,
363 1508 433 1551 cum
450 1493 676 1569 praescriptione
696 1495 811 1554 nullum
829 1495 878 1570 jus
893 1493 1066 1569 acquiratur

56 1581 97 1639 nisi
106 1580 317 1657 praeminenti,
332 1581 405 1640 etin
418 1598 471 1640 eos
481 1582 636 1641 dumtaxat
648 1588 753 1642 contra
763 1600 841 1658 quos
855 1583 1065 1658 praesoriptum

56 1679 97 1742 ast,
111 1665 138 1728 at
148 1670 178 1728 in
192 1677 308 1729 tantum
321 1669 505 1746 inquantum
516 1670 717 1745 praescribens
734 1670 877 1746 possedit,
894 1672 942 1730 vel
956 1671 1061 1746 quasi3

56 1757 248 1818 consuetudine
266 1775 339 1818 vero
353 1762 402 1834 jus
423 1758 586 1834 acquiritur
610 1759 641 1818 in
661 1760 835 1829 universum
863 1759 1012 1834 omnibus
1034 1767 1065 1820 et

56 1855 139 1906 contra
152 1863 257 1906 omnes
267 1845 298 1904 in
312 1864 367 1906 suo
382 1865 463 1907 casu.
479 1847 553 1907 ilinc
565 1854 715 1924 putamus,
730 1848 819 1924 hujus
833 1849 977 1923 temporis
990 1849 1063 1909 deii·

57 1933 176 1995 nitionem
199 1953 217 1994 a
241 1935 350 2011 judicis
368 1936 500 2011 pendere
526 1937 648 1996 arbitrio
670 1939 756 2013 juxta
781 1943 918 1996 naturam
942 1937 1063 2014 negotii,

56 2025 118 2096 quod
142 2017 272 2096 brevius,
295 2025 344 2084 vel
362 2024 480 2100 longius
505 2031 624 2099 tempus
652 2027 831 2101 expostulat,
853 2025 944 2085 modo
963 2033 1064 2086 minen

56 2127 185 2189 nunquam
203 2131 241 2173 eo
260 2113 381 2172 brevius
403 2115 451 2185 sit,
473 2113 555 2188 quod
577 2114 608 2171 in
630 2113 855 2190 praescriptione
879 2113 1062 2189 requiritur:

56 2217 109 2262 uam
121 2203 143 2262 si
168 2202 300 2262 breviori
323 2209 458 2276 tempore
480 2218 541 2260 non
564 2209 664 2278 potest
681 2221 737 2278 per
748 2219 836 2263 usum
854 2203 996 2262 constitui
1009 2204 1059 2262 lex

55 2290 147 2361 privata
158 2291 401 2366 praesoriptioniS,
416 2308 434 2350 a
447 2290 562 2350 fortiori
576 2308 638 2350 non
656 2291 765 2368 poterit
785 2293 836 2350 lex
850 2291 968 2366 publica
986 2309 1064 2351 con·
1083 2305 1089 2322 ⁸

56 2381 209 2440 suetudinis

81 2469 161 2528 babet
172 2486 239 2529 asse
252 2468 448 2544 approbatae
464 2468 618 2544 superiore
632 2487 686 2545 per
706 2471 771 2546 ejus
784 2486 975 2544 consensum,
992 2471 1063 2547 quia

56 2569 109 2616 um
125 2557 308 2618 consuetudo
321 2555 382 2615 vim
399 2556 474 2631 legis
486 2557 603 2631 babeat,
618 2557 676 2617 nisi
688 2575 743 2634 per
759 2559 936 2634 legislatoris
954 2561 1062 2619 volun·

56 2646 128 2704 tatem
139 2643 287 2704 introduci
303 2645 415 2720 nequit.
432 2650 600 2705 consensus
622 2646 671 2706 hic
684 2663 722 2709 ex
738 2653 898 2707 Doctorum
914 2647 1063 2708 sententia

55 2738 211 2803 potestesse
229 2733 349 2808 triplex,
364 2749 472 2809 nempe
491 2751 654 2810 impressor,
680 2735 732 2810 qui
749 2754 767 2795 a
787 2735 942 2812 superiore
963 2737 1061 2811 datur,

55 2835 108 2880 eum
120 2822 363 2883 consuetudinem
374 2823 496 2897 probat,
514 2821 641 2897 tacitae,
652 2823 704 2900 qui
714 2824 811 2898 datur,
833 2841 904 2884 cum
925 2825 1062 2902 superior

55 2909 105 2984 scit,
118 2910 460 2972 etsinecontradictione
472 2911 584 2987 patitur
606 2915 675 2984 (to).
954 2921 956 2929 ⁴

77 3048 106 3113 (i)
119 3049 208 3116 Aliqui
227 3064 277 3116 pro
291 3050 443 3102 conditione
460 3050 680 3103 rationabilitatis
697 3053 802 3117 ponunt
823 3052 1001 3104 conditionem
1015 3053 1063 3105 bo·

55 3117 136 3184 nitatis,
149 3125 281 3188 quatenus
294 3122 422 3174 nimirum
432 3122 597 3174 consuetudo
609 3122 708 3175 debeat
718 3138 777 3176 esse
786 3125 867 3188 bona,
878 3129 905 3176 et
918 3139 971 3176 non
980 3125 1062 3178 mala.

55 3186 94 3240 Sed
103 3194 221 3245 atradita
230 3193 385 3244 delinitione
395 3208 449 3244 non
457 3194 593 3246 credimus
604 3194 862 3262 recedendum,quia
869 3197 1014 3261 Gregorius
1022 3196 1063 3248 IX

56 3265 168 3326 approbat
181 3265 483 3329 consuetudinemque
498 3265 533 3316 sit
542 3266 715 3319 rationabilis
726 3270 753 3318 et
765 3267 883 3333 legitime
894 3269 1060 3334 praescripta.

56 3329 106 3398 Cap.
123 3335 144 3386 ll
168 3337 200 3388 de
219 3339 342 3388 consuet.
362 3336 468 3388 Etenim
491 3337 655 3389 consuetudo
676 3340 750 3390 bona
771 3346 812 3390 est
834 3340 1011 3400 rationabilis,
1036 3345 1064 3394 et

55 3405 111 3455 nala
123 3406 332 3470 irrationabilis;
355 3409 381 3458 et
402 3409 534 3473 praeteree
549 3409 713 3461 consuetudo
731 3410 838 3469 rationi,
852 3417 879 3461 et
893 3413 1001 3463 veritati
1016 3413 1059 3462 in·

55 3473 140 3528 nititur.
156 3479 219 3530 Can.
235 3479 260 3537 l,
275 3478 337 3529 dist.
353 3479 413 3530 8-
434 3479 469 3543 (i)
490 3480 567 3531 Hanc
585 3481 806 3533 consuetudinem
828 3482 964 3534 damnavit
982 3484 1061 3535 Chri·

55 3547 108 3610 stus,
127 3563 185 3601 cum
199 3550 304 3602 Scribis
324 3551 351 3602 at
371 3549 519 3602 Pharisaeis
539 3553 712 3616 exprobravit
734 3553 845 3604 dicans:
865 3553 952 3619 Qitore
972 3558 996 3607 et
1016 3567 1062 3607 vos

54 3614 258 3682 transgredimini
270 3625 432 3687 preceptum
444 3621 493 3674 Dei
504 3631 614 3688 propter
628 3624 804 3677 inditionem
817 3628 954 3678 vestram?
963 3625 1060 3677 Mattb.
