2490 4088
604 187 746 242 ..33-

163 307 238 370 bum,
250 307 401 368 hortamur,
416 307 566 374 subjunxit,
578 311 609 358 nt
622 321 716 360 omnes
727 307 903 373 imposterum
913 312 1054 374 tamquam
1069 306 1190 360 Ecclesia

163 378 288 432 Romanu
300 378 360 444 pilii,
370 378 488 445 ejusdam
503 377 623 430 Ecclesiae
639 378 760 430 omnium
774 379 882 443 matris,
897 393 929 430 oc
942 381 1078 444 maqistre
1094 382 1190 431 aucto-

161 450 245 502 ritate
263 450 407 504 constituto
423 448 527 502 Hituati
543 449 574 501 iu
594 451 678 501 sacris
700 449 884 515 functionibus
904 454 1053 514 uterentur,
1072 453 1096 502 et
1115 449 1147 501 in
1162 462 1192 499 rc

164 521 236 574 tanti
250 521 388 585 mactanti,
402 534 460 587 quc
475 520 605 574 catholico
619 519 745 585 Ecclesia,
760 523 785 572 et
800 519 833 572 ab
847 522 1018 586 inprobatus
1034 534 1097 573 usus
1113 519 1190 572 anti·

163 593 276 658 quitatis
288 592 394 656 statuit,
408 592 538 645 inviolate
552 592 697 644 observent.
718 593 759 642 Ex
779 593 879 657 quibus
896 598 979 658 patet,
994 593 1108 644 verbum
1125 591 1190 642 tior-

165 668 258 718 tamur
270 663 432 729 aequivnlere
445 664 529 715 verbo
549 662 723 715 mandamus.
743 663 821 714 Nunc
835 677 896 715 vero
912 678 969 714 rem
982 663 1100 715 absolvit
1115 675 1191 713 resn-

163 735 231 787 lulio
248 735 275 786 S.
294 734 514 800 congregationis
528 734 649 798 Rttnnm,
661 747 723 800 quae
737 733 868 798 definivit,
883 735 957 800 leges
970 735 1089 786 Ritunlis
1104 738 1192 784 totam

165 807 270 858 officere
284 806 442 867 Ecclesiam,
463 806 577 872 ideoque
596 806 700 872 integre
720 806 876 869 servandam
900 807 928 857 in
946 820 1000 857 una
1025 805 1149 858 Trecensi
1171 807 1194 868 7,

165 881 233 944 sept.
248 877 317 930 1850.
331 877 399 930 vioe
412 878 602 930 Barrulnldnm
612 877 640 928 in
655 877 728 929 Gom.
745 877 780 928 od
794 878 837 929 rit.
854 879 894 929 tit.
912 879 932 929 1.
947 892 974 929 n.
991 878 1029 929 10.

536 1377 739 1458 TITULUS
765 1377 824 1458 lv.

928 1526 940 1566 Ι

472 1617 508 1662 ΒΕ
525 1617 638 1662 LEGIBUS
655 1615 882 1662 nocnesttsniots

169 1809 312 1861 Summum
328 1829 334 1860 ε
351 1809 392 1860 ι29.
417 1809 475 1868 Quid
492 1809 522 1860 sit
536 1808 572 1860 lex
591 1809 759 1861 ecelesiastici?
780 1837 812 1846 —
831 1811 870 1861 30.
885 1808 955 1860 Debet
969 1823 1020 1861 esse
1037 1810 1081 1872 leqi
1096 1809 1198 1860 naturali

202 1882 335 1946 conformis,
352 1888 391 1934 aut
408 1885 488 1935 saltem
504 1898 552 1935 non
564 1885 679 1950 opposita.
694 1911 716 1920 -
734 1886 776 1934 31.
789 1883 833 1941 Qui
850 1882 937 1947 possint
957 1882 1030 1946 legem
1051 1883 1125 1933 tumre
1140 1881 1155 1930 ‘l
1170 1909 1200 1916 —-

203 1954 242 2004 32.
256 1954 315 2014 Quid
334 1956 365 2006 sit
378 1956 505 2010 concilium.
520 1961 543 2006 et
558 1957 689 2022 quotuplex,
703 1954 819 2020 aquinos,
837 1959 859 2004 et
882 1954 997 2018 quomodo
1014 1952 1199 2004 celebrandurn?

203 2053 231 2061 -
243 2025 282 2076 33.
296 2025 401 2078 canones
415 2025 509 2079 Consilii
518 2027 629 2091 generalis
643 2040 723 2078 omnes
734 2026 867 2077 christianos
876 2023 982 2088 obligant.
995 2052 1025 2061 -
1035 2025 1074 2074 34.
1090 2023 1200 2076 Canoncs

203 2093 297 2148 Consilii
319 2097 472 2163 provincialis,
490 2102 513 2148 et
531 2098 652 2150 dioecesani
670 2097 770 2162 obligant
790 2101 876 2146 tantum
898 2095 1010 2146 subditos.
1031 2123 1062 2132 -
1081 2096 1120 2146 35.
1150 2095 1198 2145 Len

204 2166 311 2220 Ecclesia
332 2168 415 2234 oblitu
432 2169 560 2229 hereticos,
574 2183 621 2221 nnn
636 2182 745 2234 manos.
764 2195 795 2204 -
811 2169 849 2218 36.
868 2167 969 2232 Reqninil
984 2166 1201 2231 promulgationem,

203 2251 252 2290 non
268 2241 453 2305 acceptationem.
472 2268 499 2278 -
511 2240 552 2292 37.
567 2239 628 2300 Quot
640 2241 715 2292 modis
728 2239 821 2292 cesset?
830 2267 860 2277 -
870 2239 910 2290 38.
924 2237 1051 2302 Quotuplex
1064 2239 1115 2302 eius
1127 2237 1201 2290 inter·

203 2310 324 2380 pretollo?
338 2338 369 2350 -
383 2311 423 2362 39.
436 2312 491 2370 Qun
504 2311 554 2376 elus
567 2309 696 2376 obligatio?

210 2497 258 2552 29.
270 2497 332 2554 Lex
347 2491 558 2566 ecclesiastica,
581 2492 643 2553 sive
664 2491 848 2568 constitutio,
863 2493 945 2569 qnod
957 2492 1037 2553 idem
1051 2498 1107 2567 est,
1125 2493 1205 2554 sica

179 2581 306 2660 liquato,
319 2584 367 2643 vel
383 2583 498 2660 leqcmto
516 2581 605 2656 dicta,
628 2583 709 2658 quod
731 2582 865 2642 subditos
879 2581 959 2658 ligat,
981 2584 1029 2642 vel
1042 2600 1061 2641 n
1073 2583 1206 2643 subditis

177 2672 289 2749 scripta
302 2672 420 2748 legitor,
434 2678 481 2732 est
493 2679 573 2733 rocta
586 2672 769 2748 oqeuclorum
787 2673 865 2731 ratio
879 2689 897 2731 a
913 2670 1068 2748 Superiora
1090 2671 1207 2732 Corui-i

178 2761 310 2837 fidelibus
328 2761 383 2822 sibi
403 2757 525 2822 solatus
539 2762 718 2822 deamiciota
734 2778 802 2821 cum
820 2760 971 2821 uoluntate
993 2777 1039 2821 eos
1061 2769 1206 2836 perpetuo

178 2851 325 2927 obliqondi
340 2852 379 2912 od
392 2852 513 2928 aliquod
526 2852 684 2928 operidum,
698 2850 743 2911 vel
757 2849 961 2910 omittendum.
987 2854 1031 2910 Ex
1048 2850 1106 2910 hac
1126 2851 1206 2911 defi·

176 2939 288 3001 nitione
300 2938 454 3000 haurimus
468 2939 611 3018 quidquid
623 2939 654 2998 in
666 2939 750 3000 tilulo
764 2956 868 2999 snmus
877 2938 994 2998 dicturi.

214 3033 258 3090 30.
274 3034 335 3089 Lex
349 3034 395 3088 est
405 3037 484 3089 recto
497 3029 681 3104 apestolorum
692 3029 791 3088 cotio:
806 3028 877 3088 hinc
896 3027 985 3087 debet
999 3043 1066 3087 esse
1078 3027 1140 3103 legi
1157 3046 1207 3090 na·

177 3116 265 3176 tunuli
287 3117 458 3190 conformis
480 3123 531 3176 aut
549 3117 646 3176 eidem
666 3134 727 3176 non
746 3116 893 3192 opposita,
908 3135 926 3175 n
939 3133 998 3192 qna
1015 3117 1117 3191 logum
1136 3119 1208 3194 lege

177 3205 345 3266 informatio
359 3207 481 3282 petitur,
493 3211 527 3265 nt
541 3213 721 3280 agnoscatur
730 3205 800 3282 quid
814 3211 907 3279 recte,
923 3213 974 3264 aut
987 3205 1086 3280 inique
1096 3205 1128 3264 in
1142 3208 1206 3267 sin-

69 3338 72 3346 ·
178 3297 255 3371 gulis
268 3297 384 3373 legibus
398 3302 557 3368 steinalum
583 3297 703 3372 quando
726 3303 826 3356 tamen
855 3302 902 3355 est
922 3293 1052 3370 legitime
1070 3295 1132 3354 lata
1159 3298 1208 3357 lex

179 3385 368 3459 praesnmilnr
394 3385 453 3460 legi
485 3385 611 3446 naturali
627 3411 630 3418 ·
646 3384 823 3456 conformiS‚
850 3385 919 3460 quia
942 3386 1028 3459 juxta
1054 3385 1209 3448 monitum

180 3477 208 3533 S.
225 3474 393 3548 Augustini:
410 3479 546 3533 nostrum
557 3480 603 3533 est
617 3477 727 3534 nonde
741 3475 866 3550 legibus,
878 3474 932 3533 sed
942 3473 1109 3532 secundnm
1123 3475 1210 3551 leges

177 3561 331 3640 judicare:
348 3563 436 3623 debet
450 3565 536 3640 juxta
563 3563 786 3640 qnodexpliont
809 3569 838 3623 S.
864 3562 994 3622 isidorus
1021 3563 1209 3639 Hispalensis
