2490 4088
646 201 791 256 ,53-

231 321 267 386 (l)
285 319 350 388 Gap.
361 321 402 385 ee,
417 321 450 372 de
463 321 591 387 rescript.
607 323 634 372 et
648 321 686 372 ih.
706 320 794 372 Gloss.
806 349 833 358 -
847 321 883 388 (2)
896 321 925 372 L.
939 320 963 386 5,
975 320 1040 374 (ted.
1055 320 1164 374 siccut.
1181 321 1235 386 ius,

200 394 252 444 etc.
262 392 336 456 -(³)
351 392 415 460 Cap.
429 394 457 442 15
472 392 505 444 de
522 393 646 460 rescript.
660 422 691 431 -
701 393 736 459 (4)
751 393 798 444 Cit.
816 407 876 460 cap.
887 391 927 456 to,
943 393 1005 445 eod.

236 582 281 637 52.
302 577 432 652 lienique
450 577 598 653 rescripta
612 578 780 654 obreptitia,
794 579 843 638 vel
857 577 1042 653 subreptitia,
1058 576 1083 636 si
1103 577 1236 653 gratiosa

204 673 234 726 et
248 665 431 726 beneficialia
443 665 513 740 sint,
523 665 589 742 ipso
601 668 668 742 jure
682 668 763 726 nulla
774 667 940 740 habentur,
954 666 1063 726 sivero
1075 665 1236 741 judicialia,

207 772 268 814 uon
283 761 352 814 sunt
363 756 443 814 nulla
457 754 523 830 ipsc
532 755 610 830 jure,
623 755 676 816 sed
686 772 740 832 per
753 755 966 832 exceptionem
974 755 1067 830 partis
1082 752 1237 825 elidenda,

206 860 297 919 quam
310 841 520 918 exceptionem
534 842 558 901 si
571 860 641 918 pars
657 858 718 902 non
731 850 891 920 proponat,
907 849 1047 904 censetur
1060 841 1091 900 iu
1103 841 1237 917 judicem

204 932 307 992 datum
321 930 499 1004 consentire,
515 937 545 990 et
559 948 684 1007 prorsus
696 932 806 992 valent.
823 931 907 991 Ratio
920 937 983 991 est:
999 928 1109 1006 primo,
1121 928 1193 1004 quia
1207 927 1237 988 iu

205 1019 358 1097 rescriptis
371 1019 474 1094 gratiae
486 1019 641 1095 negotium
652 1020 753 1079 statim
767 1019 954 1093 terminatur,
969 1024 999 1078 et
1008 1021 1057 1094 jus
1073 1016 1237 1094 acquiritur

205 1108 384 1186 impetranti,
403 1124 473 1168 eum
496 1108 528 1168 in
544 1106 699 1185 rescriptis
719 1108 840 1184 justitiae
865 1108 1018 1184 negotium
1036 1122 1090 1182 per
1102 1105 1237 1182 judicem

207 1199 310 1258 datum
327 1201 395 1272 post
416 1213 514 1256 causae
537 1195 738 1271 coguitionem
761 1196 799 1256 sit
817 1195 1039 1257 terminandum
1061 1213 1068 1253 :
1089 1195 1238 1269 secundo,

208 1287 277 1362 quia
292 1301 361 1345 cum
380 1284 410 1344 in
426 1283 579 1360 rescriptis
592 1286 694 1360 gratiae
708 1287 807 1346 nullus
829 1285 867 1345 sit
881 1284 1097 1356 contradictor,
1118 1289 1238 1343 contra-

207 1373 278 1434 dicit
288 1375 337 1450 jus
349 1389 389 1432 ex
403 1390 437 1432 se
451 1373 602 1432 afferendo
614 1374 796 1447 nullitatem3
811 1374 843 1433 in
857 1372 1010 1449 rescriptis
1022 1389 1100 1432 vero
1113 1371 1236 1447 justitiae

208 1460 411 1524 contradictor
437 1477 556 1538 semper
575 1462 669 1534 adest,
692 1462 744 1540 qui
770 1468 869 1538 potest
890 1479 948 1539 ope
971 1459 1161 1537 exceptionis
1188 1462 1236 1536 J‘us

209 1549 397 1612 suumtueri.
829 1593 834 1605 ,

244 1637 273 1700 Si
298 1643 397 1698 tarum
418 1637 599 1714 rescriptum
616 1637 703 1712 plura
725 1637 834 1697 habeat
858 1636 964 1714 capita,
979 1643 1009 1699 et
1027 1636 1170 1714 ¹obreptio
1190 1639 1236 1697 vel

208 1727 361 1802 subreptio
375 1743 415 1786 ex
428 1725 594 1801 ignorantia
612 1732 642 1786 et
664 1725 848 1802 simplicitate
861 1727 893 1786 in
915 1744 977 1786 uno
1002 1733 1117 1786 tantum
1139 1728 1236 1800 cadat,

208 1824 305 1878 totum
318 1815 496 1890 rescriptum
507 1815 630 1890 corruit,
641 1815 692 1875 ubi
706 1815 783 1874 adsit
795 1815 898 1876 vidum
911 1816 942 1876 iu
955 1816 1053 1893 capite
1066 1815 1236 1892 principali,

111 1953 113 1958 .
210 1906 280 1983 quia
292 1904 350 1964 alia
371 1903 539 1964 accessoria
559 1904 624 1964 siue
643 1903 798 1980 principali
812 1909 892 1964 stare
912 1920 974 1964 non
997 1911 1133 1980 possunt,
1151 1906 1238 1980 juxta

209 1994 282 2054 illud
296 2012 302 2052 :
318 1991 517 2052 laesuram
528 1991 661 2068 sequitur
676 2009 767 2052 suurn
779 1992 951 2068 principale.
969 1991 1084 2053 sivero
1106 1993 1197 2054 cadat
1210 1994 1240 2052 in

211 2081 307 2159 capite
318 2080 505 2155 secundario,
520 2080 700 2156 rescriptum
712 2097 768 2157 pro
779 2088 864 2155 parte
875 2098 936 2140 uon
948 2080 1048 2141 vitiata
1062 2082 1239 2157 sustinetur,

209 2172 295 2247 Juxta
307 2170 380 2230 illud
402 2188 409 2228 ε
435 2168 509 2228 Utile
530 2185 583 2244 per
603 2170 709 2230 inutile
726 2186 788 2230 non
807 2170 942 2244 vitiatam
957 2170 1049 2230 modo
1067 2172 1127 2231 hoc
1139 2171 1240 2230 minus

93 2281 99 2298 ·
211 2259 376 2337 principale
395 2264 485 2334 eaput
505 2258 638 2333 possita
657 2257 812 2334 principali
840 2257 982 2336 separari,
1007 2264 1038 2320 et
1058 2259 1118 2320 boc
1137 2277 1196 2337 per
1210 2276 1240 2320 se

194 2343 387 2409 subsistere.
869 2382 871 2386 ·

249 2441 293 2498 53.
314 2441 426 2497 Praeter
438 2437 545 2496 modos
557 2437 619 2511 iam
641 2435 826 2510 enunciatcs,
842 2435 949 2512 quibus
968 2436 1117 2513 rescripte
1130 2437 1240 2498 robore

214 2525 425 2598 destituuntur,
437 2530 499 2584 tres
511 2523 560 2584 alii
568 2524 660 2584 veluti
673 2525 853 2601 principales
864 2543 883 2584 a
894 2524 1069 2585 doctoribus
1080 2542 1240 2587 numerau-

214 2621 274 2690 tur,
288 2614 392 2674 uti'est
404 2630 488 2674 mors
503 2613 706 2686 concedentis,
721 2619 773 2673 aut
786 2613 982 2690 impetrantis,
997 2614 1201 2691 renunciatio,
1215 2622 1240 2676 et

215 2703 376 2766 revocatio.
400 2707 435 2762 lit
449 2703 546 2777 primo
559 2708 657 2762 morte
671 2702 864 2763 concedentis
882 2702 1020 2778 expirant
1032 2703 1184 2780 rescripta
1195 2706 1240 2782 ju-

216 2791 311 2863 stitiae,
328 2791 353 2849 si
366 2807 415 2849 res
429 2789 468 2850 sit
481 2790 578 2850 adhuc
598 2789 723 2865 integra,
740 2788 809 2866 quia
824 2791 989 2868 jurisdictio
1008 2791 1039 2850 in
1054 2793 1240 2854 eoncedente

132 2936 135 2945 ,
217 2897 253 2940 eo
267 2895 363 2954 usque
379 2884 489 2952 manet,
509 2878 606 2938 donec
627 2877 805 2954 rescriptum
818 2879 856 2937 ab
879 2885 1041 2940 executore
1054 2887 1239 2957 acceptetur,

216 2975 246 3028 et
260 2966 430 3029 executioni
450 2965 617 3028 mandetur.
633 2967 703 3026 ldeo
718 2966 742 3025 si
756 2967 931 3043 priusquam
949 2968 1015 3029 haee
1026 2969 1107 3042 fiant,
1130 2987 1239 3031 conce·

216 3059 291 3116 dens
303 3054 458 3127 moriatur,
474 3053 600 3116 moritur
614 3071 684 3114 oum
698 3054 763 3130 ipso
786 3054 952 3130 jurisdictio
967 3063 997 3128 et
1010 3059 1202 3136 rescriptum.
1215 3058 1241 3120 si

216 3162 289 3204 vero
308 3148 377 3202 ante
390 3148 519 3202 mortem
539 3141 733 3202 concedentis
748 3143 927 3219 rescriptum
940 3153 1123 3222 acceptetur,
1139 3155 1169 3209 et
1186 3151 1240 3210 sal-

196 3236 201 3246 '
217 3240 277 3291 tem
292 3229 391 3290 citatio
406 3231 467 3302 fiat,
483 3246 552 3289 eum
575 3247 624 3289 res
644 3247 705 3290 non
729 3229 766 3290 sit
779 3231 906 3307 amplius
923 3233 1048 3310 integra,
1063 3237 1240 3314 rescriptum

80 3385 87 3399 ο
129 3365 131 3370 .
217 3320 250 3380 fit
265 3327 454 3395 perpetuum,
469 3324 499 3378 et
514 3317 680 3393 iurisdictio
695 3321 912 3381 communicata
935 3339 997 3382 nou
1016 3332 1177 3386 revocatur
1191 3330 1238 3399 (l).

254 3407 356 3476 Quoad
371 3407 516 3482 rescripta
534 3405 650 3481 'gratiae
673 3425 739 3482 quac
752 3409 877 3483 gratiam
891 3409 1056 3472 faciendam
1077 3416 1238 3486 continent,

219 3495 324 3554 eadem
347 3502 391 3553 est
408 3497 511 3570 regula
527 3495 727 3568 observanda,
751 3496 834 3556 aliter
852 3515 924 3558 vero
943 3500 1134 3563 sentiendum
1148 3511 1195 3564 est
1208 3505 1240 3563 de

219 3583 385 3666 rescriptis,
399 3600 465 3658 quae
483 3582 608 3659 gratiam
620 3585 727 3644 factam
741 3584 905 3648 involvunt.
921 3591 991 3649 Haec
1007 3590 1140 3670 quidem,
1156 3593 1240 3654 etiam
