2546 4082
172 315 255 396 quod
279 317 384 394 postea
417 314 612 393 perlecerunt
642 316 828 377 institutores
860 315 1068 394 segunnam,
1096 316 1196 379 Sancti

172 422 292 482 nempe,
310 404 444 480 Basilius,
464 404 664 482 Augustinus,
688 405 872 478 Benedictus,
894 411 925 466 et
941 407 1131 480 handsous,
1148 407 1196 483 qui

172 496 292 572 regulas
309 511 364 570 pro
386 499 515 570 utroque
534 494 722 570 regularium
744 511 819 554 sexu
841 494 1009 569 ediderunt,
1028 502 1059 556 et
1081 503 1195 572 satage·

174 591 259 657 runt,
276 588 309 642 ut
319 583 407 642 simul
427 599 495 643 cum
514 583 729 644 monachorum
743 583 937 644 conventibus
949 583 1118 644 llouialium
1133 601 1196 644 mc-

175 672 305 734 nasteria
318 671 514 732 fundarentur
528 675 579 745 (ἲ).

208 837 239 900 (1)
254 836 376 900 Quadam
388 835 545 888 monialium
556 836 642 902 figura
656 837 685 888 in
698 836 757 903 lege
771 836 855 890 veteri
869 837 1105 902 distinguebantur
1115 851 1196 890 sacrat

175 909 230 962 itte
252 909 388 972 Virgines,
404 921 465 973 quae
490 909 517 959 in
536 908 630 973 templi
649 908 888 973 Hierosolymitaui
900 909 1076 960 conclavibus
1089 909 1196 960 assidue

174 981 262 1034 Deum
275 983 331 1030 tota
351 983 451 1042 mente,
469 982 496 1030 et
508 979 597 1030 animo
611 979 744 1041 colebant,
756 993 871 1045 quaeque
884 981 1000 1031 maxime
1014 980 1194 1031 calamitatum

174 1056 296 1117 tempore
311 1064 359 1115 pro
372 1050 532 1101 liberatione
545 1051 631 1102 Deum
646 1051 868 1116 deprecabantur,
878 1064 958 1116 quam
970 1050 1123 1114 specialiter
1136 1065 1195 1101 cou-

174 1126 217 1175 tra
227 1120 402 1174 Heliodorum
411 1121 541 1186 templum
551 1121 758 1187 depopulantem
771 1121 868 1186 insigni
881 1121 1003 1186 prodigio
1014 1121 1194 1173 obtinuerunt.

174 1195 203 1246 11
220 1191 343 1244 Machab.
359 1193 384 1243 3.
400 1192 456 1243 Has
471 1191 598 1256 Virgines
614 1193 794 1258 maximopere
812 1193 969 1258 glorificavit
987 1192 1193 1258 sancta‚et1m-

174 1263 309 1316 maculata
321 1261 404 1327 Virgo
426 1262 523 1326 Maria,
537 1261 680 1328 virgiuum
699 1263 812 1330 Regina.
825 1289 856 1300 -
871 1262 1057 1328 (llSelvagius
1070 1263 1099 1313 in
1114 1263 1194 1326 antiq.

175 1335 196 1388 l.
212 1335 235 1400 l,
247 1349 274 1399 p.
288 1334 313 1400 2,
327 1349 350 1386 c.
367 1334 405 1386 tl.

211 1516 274 1572 227.
295 1509 427 1571 Prsctice
445 1511 613 1575 llonialium
636 1510 741 1571 divisio
768 1517 813 1570 est
827 1510 858 1570 in
881 1511 1023 1570 clocutus
1037 1515 1067 1570 et
1081 1523 1192 1569 convu-

175 1619 235 1663 sos.
259 1601 317 1661 lllae
341 1600 434 1660 choro
457 1599 645 1675 addicuntur,
666 1607 696 1660 et
717 1601 756 1659 ed
775 1599 908 1659 divinum
922 1599 1053 1658 officium
1067 1597 1190 1658 recitau-

177 1692 250 1752 dum
264 1707 303 1750 ex
317 1689 542 1762 consuetudine,
556 1690 604 1748 vel
623 1706 662 1748 ex
682 1688 810 1764 propriis
823 1686 1082 1747 constitutionibus
1095 1694 1190 1746 teneu-

177 1787 228 1840 tur
240 1784 292 1850 (l).
308 1783 358 1838 tlae
371 1794 445 1836 vero
460 1777 672 1853 temporalibus
691 1775 849 1852 Religionis
864 1775 1032 1835 ministeriis
1052 1776 1189 1850 deputan-

178 1875 236 1942 tur,
253 1875 282 1928 et
295 1869 363 1927 loco
378 1865 468 1926 divini
489 1867 579 1925 olileii
593 1866 804 1926 determinatas
822 1868 948 1924 recitant
962 1881 1078 1939 preces
1095 1867 1136 1921 lta
1152 1867 1191 1920 ta·

178 1973 249 2018 men
266 1961 392 2032 possunt
411 1971 565 2015 conversae
583 1955 721 2014 choristis
745 1954 875 2030 adjungi,
901 1963 933 2014 ut
947 1953 1065 2012 tertiam
1085 1957 1191 2027 partem

179 2046 313 2106 omnium
332 2043 504 2106 monialium
524 2061 584 2104 uon
598 2043 754 2104 excedent.
770 2049 811 2103 De
823 2050 931 2102 caetero
949 2059 1016 2118 quae
1036 2041 1065 2100 in
1083 2057 1188 2117 praeee·

179 2135 261 2196 denti
273 2135 359 2194 titulo
372 2133 411 2194 de
424 2131 579 2192 monachis
591 2131 797 2209 exposuimus,
808 2133 845 2192 ad
859 2130 998 2191 lloniales
1019 2146 1135 2206 quoque
1147 2144 1190 2186 re-

178 2225 318 2301 gulariter
336 2223 551 2283 extenduntur:
569 2221 626 2280 Sed
645 2219 783 2295 quaedam
803 2231 872 2280 sunt
896 2219 1063 2297 specialiter
1084 2219 1113 2276 in
1132 2218 1191 2292 jure

179 2330 235 2389 pro
248 2312 294 2371 his
313 2309 483 2382 constituta,
498 2327 565 2386 qum
579 2308 694 2368 silentio
708 2307 853 2384 praeteriri
867 2325 928 2368 non
943 2309 1063 2368 debent.
1078 2312 1134 2367 Nos
1147 2305 1190 2363 iric

180 2400 293 2460 idcirco
306 2399 436 2459 breviter
449 2399 614 2458 referemus
628 2397 733 2473 aliqua,
755 2414 821 2472 quae
840 2397 990 2473 praecipuc
1006 2397 1044 2456 ad
1057 2393 1191 2470 receptio

180 2504 259 2560 rtem,
272 2487 447 2558 libertatem,
464 2486 577 2559 dotem,
592 2491 671 2574 vota,
684 2485 864 2560 clausuram,
878 2484 1088 2560 visitationem,
1104 2490 1131 2545 et
1151 2499 1192 2541 re

179 2571 652 2654 gimenllouialiumreleruntur.
1248 2577 1249 2663 l

211 2723 247 2788 (l)
261 2723 288 2774 S.
311 2721 488 2788 Congregatio
506 2722 680 2786 interrogate,
698 2735 733 2771 an
754 2719 884 2772 Mouiales
903 2720 931 2771 in
952 2734 1050 2785 genere
1064 2722 1195 2773 teneantur

182 2796 233 2846 sub
246 2794 321 2860 gravi
336 2793 368 2844 ed
385 2794 550 2844 recitandum
566 2793 681 2843 officium
696 2793 801 2856 proprii
817 2793 929 2854 ordinis,
946 2793 1102 2857 respondit:
1117 2791 1192 2856 Affir-

181 2864 283 2918 motivo
296 2863 385 2930 quood
398 2863 526 2916 moniales
544 2866 607 2915 voto
622 2861 751 2914 solemnio
773 2863 914 2928 professas.
937 2863 1021 2928 justo
1040 2857 1194 2928 repulomol

181 2934 331 3000 Apostolico
344 2934 402 2986 sede
415 2935 600 3000 approbatam,
616 2933 647 2986 r'n
661 2947 716 2998 quo
728 2932 884 2998 liujusrnodt'
898 2946 964 2985 ortus
977 2934 1140 2998 impunitum
1154 2927 1194 2982 oli

182 3018 244 3060 vero
257 3009 320 3058 coto
340 3005 473 3070 simplicio
492 3009 563 3066 sont,
586 3017 640 3056 nort
655 3003 748 3058 teneri.
765 2999 900 3056 Stantem
917 3004 970 3056 talc
983 3017 1050 3056 onus
1065 3005 1096 3056 irt
1108 2999 1193 3068 repulia
1248 3011 1249 3066 t

182 3089 237 3130 aon
249 3076 418 3142 tsrponotur,
433 3075 575 3141 Episcopus
593 3077 712 3127 consulut
730 3075 855 3140 probatos
868 3076 993 3128 doctores
1005 3075 1095 3141 quood
1107 3073 1192 3138 obliso·
1248 3067 1249 3146 l

183 3149 365 3213 lienemque
385 3160 417 3199 aa
431 3145 620 3199 consuetudine
636 3145 707 3199 erim
724 3149 818 3212 potest.
834 3147 957 3211 Corresp.
973 3147 1006 3198 de
1020 3147 1096 3198 Rom.
1111 3145 1142 3198 ad
1155 3155 1190 3193 an.

24 3231 28 3238 ’
120 3277 123 3285 ,
185 3218 254 3277 last,
269 3231 331 3284 pag.
350 3219 387 3269 ta.

218 3397 281 3452 928.
301 3394 439 3471 Receptio
451 3394 618 3454 llonialium
627 3392 692 3453 lieri
701 3393 791 3454 debet
806 3394 844 3453 ab
859 3409 961 3455 earum
976 3394 1114 3471 capitulo,
1127 3406 1190 3468 prm-

183 3481 232 3542 vio
248 3487 348 3543 tamen
362 3499 510 3542 consensu
519 3483 664 3543 ordinarii
679 3486 729 3556 (t),
743 3483 789 3542 vel
802 3482 926 3555 Praeleti,
942 3483 968 3542 si
978 3484 1036 3543 siut
1048 3485 1188 3557 exemptae.

183 3570 227 3630 td
238 3570 298 3630 hoc
310 3573 501 3647 requiruntur
510 3570 695 3632 conditiones
706 3571 827 3632 asseris
841 3571 1004 3632 canonibus
1014 3570 1187 3647 praescripte,
