2490 4088
521 213 524 218 Δ
609 191 767 246 -lle-

166 320 281 376 tannim
301 317 357 388 (2);
371 317 402 372 2⁰
414 311 444 372 in
463 311 680 389 irregularitate
694 317 760 372 orta
772 327 813 372 ex
834 311 953 372 defectu
971 311 1121 388 natalium,
1134 314 1178 374 sed

164 407 280 464 tantum
304 403 404 479 quoad
425 401 546 462 ordines
567 401 710 474 minores,
739 406 770 460 et
796 397 941 477 simplicia
968 400 1113 462 beneficia
1131 406 1177 474 (3);

164 495 195 552 3ο
208 491 239 551 in
249 489 467 568 irregularitate
480 506 520 551 ex
533 488 643 551 delicto
655 490 785 562 occulto,
800 505 836 550 ee
849 495 990 564 excepta,
1006 505 1074 566 ques
1087 506 1177 566 prore-

101 641 109 650 ,
164 579 257 639 nitex
267 577 426 640 homicidio
436 577 615 653 voluntario,
634 585 665 639 et
679 582 808 654 excepto
822 593 904 651 casu,
920 594 982 654 quo
1003 576 1139 639 delictum
1150 579 1179 638 sit

164 667 325 728 deductum
345 667 384 728 ad
395 667 496 728 iorum
514 666 734 727 contentiosum
749 669 800 739 (l).
816 664 962 725 Delictum
975 665 1085 727 dicitur
1097 667 1179 727 adhuc

164 757 325 831 occultum,
340 757 366 816 si
378 756 451 817 illud
471 755 566 816 sciant
586 755 717 834 quinque
736 755 785 814 vel
798 771 854 815 sex
871 769 1020 830 personae,
1035 761 1066 816 et
1082 757 1180 816 nonsit

163 851 270 906 notum
282 844 388 922 majori
400 843 479 922 parti
491 843 604 922 oppidi,
620 844 668 904 vel
682 843 842 922 parochiae.
856 843 968 904 Dicitur
981 843 1139 906 deductum
1149 844 1180 904 ad

162 934 263 996 lorum
275 932 506 1008 contentiosum,
522 949 593 994 cum
613 934 720 994 saltem
733 948 787 1009 per
801 948 896 992 unum
915 937 1023 993 testem
1036 933 1180 1009 probatum

164 1023 234 1096 init3
263 1038 353 1083 secus
373 1027 528 1098 tamquam
554 1021 718 1082 deductum
740 1037 803 1080 non
824 1020 961 1094 habetur,
981 1026 1012 1081 et
1032 1021 1180 1098 Episcopus

164 1117 264 1188 potest
283 1111 457 1187 dispensare
482 1114 533 1184 (ll).
561 1109 692 1170 Dubitari
718 1115 827 1186 potest,
854 1125 892 1169 on
914 1109 1081 1186 Episcopus
1105 1115 1180 1186 queat

164 1199 339 1275 dispensare
358 1199 397 1258 ab
421 1197 638 1274 irregularitate
656 1197 851 1273 proveniente
870 1197 908 1256 ab
933 1197 1040 1258 haeresi
1060 1198 1180 1259 occule?

164 1288 344 1350 Allirmativa
361 1287 479 1349 videtur
494 1286 725 1364 amplectende:
745 1301 817 1346 nam
832 1285 1036 1346 Tridentinum
1050 1284 1130 1364 ponit
1140 1301 1179 1345 re

165 1379 266 1453 gulam
278 1377 459 1453 generalem,
480 1392 539 1451 qua
552 1375 622 1436 lioet
640 1374 789 1451 Episcopo
804 1374 843 1434 ab
857 1374 1076 1450 irregularitate
1086 1389 1178 1451 prore

166 1467 266 1527 niente
280 1482 320 1525 ex
334 1464 442 1525 delicto
455 1465 575 1525 occulto
589 1464 773 1540 dispensare,
790 1470 820 1523 et
833 1463 944 1539 excipit
958 1463 1035 1524 duos
1055 1462 1180 1540 speciales

167 1571 255 1615 casus
268 1553 418 1614 homicidii
437 1553 605 1627 voluntarii,
624 1559 654 1612 et
673 1550 872 1630 inquisitionis
884 1551 1045 1628 judicialia
1060 1549 1179 1612 lraeresim

167 1649 267 1706 autem
280 1643 430 1704 occultam
447 1659 509 1702 non
523 1641 656 1720 excipit(
675 1643 697 1714 ).

199 1781 234 1846 (l)
249 1780 372 1834 Ulterius
391 1780 579 1845 irregularitas
598 1794 631 1830 ex
651 1777 757 1831 delectu
770 1777 912 1842 natalium,
935 1780 966 1830 ut
986 1780 1046 1846 jam
1069 1777 1180 1839 diximus,
1221 1762 1222 1846 l

167 1852 271 1904 tollitur
284 1866 334 1917 per
355 1851 551 1917 professionem
574 1851 729 1916 religiosam
747 1851 782 1902 ad
801 1849 926 1904 ellectum
943 1850 1106 1916 suscipiendi
1119 1847 1179 1900 crdi-
1221 1865 1222 1872 ¹

167 1937 227 1986 nas,
243 1937 298 1974 non
312 1922 482 1988 praelaturos.
501 1923 566 1988 Cep.
582 1923 608 1988 l,
622 1923 656 1974 de
669 1921 707 1974 ill.
725 1923 819 2044 prpsb.
840 1949 871 1960 -
881 1922 918 1987 (2)
937 1922 1005 1987 Gap.
1026 1925 1047 1982 l,
1061 1922 1106 1987 qui
1126 1919 1179 1971 cler.

169 1995 212 2046 vel
226 1998 333 2056 vovent,
349 1998 400 2046 etc.
411 2021 441 2032 ·-
456 1994 492 2059 (3)
507 1994 591 2047 Cerd.
608 1994 699 2059 Soglic
713 1993 759 2044 Ins
775 1996 849 2060 ‚jun
866 1995 934 2060 priv.
951 1992 963 2060 l
978 1993 1016 2046 57.
1027 1994 1102 2058 -ll)
1117 1989 1179 2042 Trid.

170 2066 243 2118 Sese.
256 2064 296 2124 it,
322 2079 345 2116 c.
366 2066 390 2128 e,
406 2065 439 2116 de
458 2066 508 2116 res.
526 2093 561 2106 ·-
574 2067 610 2130 (5)
632 2065 660 2117 S.
684 2065 717 2116 ds
741 2065 831 2130 Liguri
853 2065 880 2116 ln
900 2079 969 2117 mor.
986 2065 1004 2116 l.
1019 2066 1044 2129 7,
1062 2080 1089 2116 n.
1102 2063 1139 2115 76.
1154 2085 1180 2098 -

170 2138 206 2202 (6)
220 2138 278 2188 Nec
294 2137 403 2188 obstare
416 2136 523 2188 videtur
538 2136 619 2188 Bullu
634 2134 727 2198 Omne,
743 2149 805 2202 quae
819 2136 956 2188 interdicit
967 2137 1097 2203 Episcopo
1113 2133 1178 2186 ahso-

170 2208 302 2260 lutionem
315 2209 350 2259 ab
364 2207 464 2258 haeresi
477 2207 599 2269 occulta;
615 2221 682 2258 nam
696 2206 807 2259 diverse
817 2212 881 2260 sunt
892 2208 1033 2260 absolvere
1046 2221 1062 2260 e
1073 2215 1179 2266 censure,

171 2285 198 2332 et
212 2280 371 2345 dispensare
388 2279 422 2331 ab
437 2279 637 2344 irregularitate
660 2283 687 2330 et
700 2292 717 2330 s
731 2279 846 2331 diversis
863 2278 947 2332 illatio
961 2279 1019 2331 lieri
1031 2293 1085 2331 non
1097 2277 1178 2343 potest.

170 2351 295 2404 Potestas
309 2351 337 2402 in
352 2363 439 2403 exam.
451 2353 516 2403 torm
534 2353 556 2415 l,
570 2364 599 2402 n.
614 2350 676 2406 3338
691 2354 718 2404 st
731 2349 760 2402 S.
770 2349 804 2403 tle
817 2349 907 2416 Liguri
923 2350 952 2406 in
966 2349 1032 2403 Mor.
1047 2350 1065 2402 l.
1077 2350 1101 2413 l,
1113 2362 1137 2400 n.
1146 2345 1178 2396 li.
