2546 4082
496 204 654 266 ..281-

987 293 993 320 1

99 337 168 396 111.
182 339 311 412 Propter
324 340 424 398 actum
437 337 626 411 fundationis,
640 338 702 398 sive
714 335 875 400 erectionis
886 337 1099 419 cujuscumque

60 425 286 484 conservatori
297 426 365 502 jura
379 443 434 485 sua
447 443 508 485 non
520 427 695 487 auferuntur
706 428 840 487 Parooho
854 429 922 503 loci,
933 430 983 506 qui
997 447 1094 492 rema-

59 519 119 573 net
140 513 282 590 proprius
305 515 522 575 conservatorii
544 516 686 575 sacerdos
703 516 742 576 ad
756 517 894 576 effectum
908 518 1095 580 ministrandi

61 605 272 675 Sacramenta,
289 613 316 662 et
331 603 461 663 habendi
472 605 540 677 jnra
555 605 747 678 deeimarum,
763 605 970 682 funerumque,
981 607 1096 668 etiamsi

59 687 145 748 illius
159 691 287 749 alumnae
305 691 345 750 ibi
365 693 549 766 sepulturam
568 692 623 751 sibi
636 693 779 768 elegerint
793 697 843 764 (1).
860 698 956 764 Quare
969 697 1094 757 ecclesia

59 779 286 838 conservatorii
307 786 458 856 tamquam
481 781 633 856 publicum
646 783 809 842 oratorium
824 782 1040 858 consideratur,
1064 785 1094 844 in

60 884 127 942 quo
138 885 202 926 uon
216 867 285 928 licet
298 869 362 928 sine
377 875 405 928 S.
422 869 505 928 Sedis
516 869 634 930 licentia
648 874 696 930 SS.
714 871 904 930 Eucharistiae
919 878 1093 933 sacramen·

59 964 131 1014 tum
144 955 276 1017 retinere
290 962 341 1030 (1).
360 958 444 1017 Ratio
467 959 575 1018 horum
598 959 732 1019 omnium
756 966 810 1032 est,
834 961 904 1035 quia
925 961 1041 1020 feminae
1054 960 1094 1021 ibi

60 1052 269 1120 congregatae,
280 1045 350 1106 licet
359 1045 390 1105 in
399 1046 489 1107 domo
503 1047 642 1123 religiosa
656 1047 693 1106 ad
707 1048 835 1107 formam
849 1050 1022 1109 monasterii
1035 1057 1096 1110 tam

60 1133 94 1192 in
110 1133 225 1205 habitu,
243 1151 334 1210 quam
348 1135 379 1194 in
400 1135 534 1195 instituto
549 1135 659 1209 vivant,
676 1143 706 1196 et
719 1137 840 1212 publice
854 1154 910 1213 pro
925 1139 1097 1199 llonialibus

59 1222 233 1283 habeantur
243 1241 255 1305 3,
267 1230 364 1284 tamen
379 1223 519 1284 lloniales
533 1241 593 1284 non
608 1231 687 1298 sunt,
703 1225 811 1301 quibus
825 1225 855 1283 in
866 1226 1027 1302 praemissis
1041 1244 1095 1286 ex-

61 1311 235 1387 emptiones
250 1318 425 1388 competunt
439 1317 480 1385 (3)
492 1330 501 1385 3
515 1318 546 1372 et
559 1330 614 1389 per
625 1330 814 1389 consequens
827 1315 959 1390 legatum
973 1320 1096 1390 111111-

60 1399 194 1460 nialibus
206 1401 319 1462 factum
332 1401 446 1478 absque
461 1405 488 1460 S.
500 1401 649 1461 Pontificis
659 1401 879 1479 dispensatione
892 1403 939 1462 his
952 1404 1095 1479 prodesse

60 1507 126 1550 non
149 1496 263 1567 potest3
286 1489 361 1550 etsi
383 1491 486 1550 forsan
507 1490 730 1551 matrimonium
752 1492 940 1567 contrahant,
963 1492 1094 1553 validum

61 1584 120 1654 est,
144 1579 405 1656 111111111111
429 1579 657 1641 conservatorio
682 1580 791 1640 1111111
815 1579 887 1656 ipsis
912 1580 1095 1642 restituenda

61 1674 110 1730 est
125 1669 180 1738 (1).

90 1807 131 1871 (1)
143 1805 244 1870 Excipe
268 1809 369 1868 tamen,
385 1807 409 1858 si
422 1807 553 1858 moniales
566 1807 686 1859 habeant
699 1808 854 1860 clausuram
877 1807 1013 1874 papalem,
1029 1809 1093 1875 qula

61 1882 129 1929 tnnc
144 1878 226 1929 eximi
242 1891 288 1929 eus
302 1891 414 1930 necesse
427 1879 534 1930 videtur
548 1879 582 1930 ab
600 1880 788 1945 jurisdictione
803 1881 928 1939 Parochi,
941 1896 1002 1933 cum
1019 1881 1091 1932 olau-

60 1963 129 2000 sura
143 1949 238 2000 violari
257 1953 383 2016 nequeat,
399 1963 514 2016 eumque
530 1951 558 2000 in
580 1949 631 2002 hoc
647 1965 712 2002 casn
727 1952 933 2002 Conservatoria
947 1953 1018 2004 veris
1033 1967 1091 2005 mo-

60 2020 193 2072 nasteriis
209 2022 403 2073 assimilentur.
421 2050 448 2058 -
467 2021 502 2085 (1)
517 2022 598 2072 Petra
612 2021 646 2071 ad
660 2022 718 2082 bul.
735 2021 910 2074 Tramiturus
927 2025 1031 2075 Urbani
1043 2025 1091 2088 IV,

62 2091 219 2143 11111111.
238 2107 265 2143 1.
285 2093 325 2144 rt.
347 2119 380 2130 -
398 2092 432 2155 (3)
446 2093 531 2142 Tanto
548 2093 635 2157 magis
648 2092 675 2142 id
690 2093 835 2144 dicendum
851 2099 892 2145 est
906 2093 939 2146 de
952 2095 1092 2148 Tertiariis

60 2163 218 2214 viventibus
240 2163 268 2212 in
288 2164 387 2214 saeculo
403 2163 430 2214 iu
443 2162 568 2215 domibus
583 2163 649 2221 suis,
664 2162 707 2214 vel
722 2177 805 2228 penes
819 2167 942 2230 proprios
955 2169 1090 2229 parentes

60 2234 139 2284 Licet
160 2234 220 2284 istae
242 2235 367 2300 pluribus
379 2235 505 2285 fruuntur
527 2234 712 2298 indulgentiis,
727 2237 754 2285 11
769 2235 919 2300 privilegiis
934 2237 967 2286 ad
982 2236 1091 2288 illarum

59 2305 234 2370 exemplum3
258 2311 348 2356 tamen
372 2305 470 2370 potiori
486 2307 549 2372 jure
573 2305 923 2370 Ordinante-subjiciuntur.
936 2308 987 2358 Hae
1001 2312 1091 2360 autem

59 2376 203 2427 Tertiariae
217 2375 245 2431 111
261 2377 361 2427 saeculo
376 2376 489 2428 seorsim
503 2375 623 2428 viventes
637 2377 737 2427 debent
756 2377 888 2437 emittere,
903 2380 1092 2445 1111111111-

58 2447 165 2508 nitatis,
180 2446 320 2510 celibatus,
336 2447 458 2497 habitum
476 2447 632 2511 religiosum
645 2454 759 2511 gestare,
777 2462 811 2499 ex
826 2450 945 2514 propriis
960 2450 1039 2502 bonis
1051 2451 1090 2502 vi·

59 2523 93 2569 tae
108 2521 335 2569 sustentationem
349 2518 459 2579 habere,
479 2523 623 2569 attentum
644 2533 727 2584 penes
742 2521 966 2584 consanguineos,
979 2521 1020 2572 vel
1033 2521 1088 2572 affi-

58 2603 119 2648 nes,
135 2593 182 2640 aut
205 2589 346 2642 honestam
370 2597 521 2639 matronam
541 2589 669 2654 Episcopi
680 2590 783 2654 judicio
799 2591 931 2642 habitare.
946 2593 1042 2658 Neque
1056 2592 1091 2645 ad

57 2660 134 2712 hunc
146 2664 247 2712 statum
262 2661 364 2712 assumi
378 2663 493 2725 possunt
506 2663 569 2711 ante
582 2661 820 2726 quadragesimum
833 2676 926 2714 eorum
941 2664 1028 2716 aetatis
1039 2677 1089 2716 an·

57 2747 137 2784 num.
152 2732 316 2784 Benedictus
337 2732 412 2783 xiv.
432 2731 499 2782 lust.
520 2732 576 2796 105,
590 2747 616 2782 n.
639 2733 678 2783 63.
694 2759 725 2768 -
743 2732 777 2798 (4)
797 2733 880 2784 Petra
898 2734 926 2785 in
946 2735 1003 2786 bul.
1017 2731 1088 2788 Solet

58 2803 212 2856 iunocentii
223 2804 271 2864 IV,
284 2807 350 2856 sect.
361 2803 385 2852 1.
401 2816 428 2876 n.¹
442 2802 484 2854 13.
1054 2824 1058 2838 =

93 2967 161 3024 115.
176 2963 435 3024 confraternitates
446 2968 516 3022 sunt
530 2962 666 3038 quaedam
680 2964 931 3039 congregationes
943 2965 1088 3028 laicorum

60 3055 99 3114 ad
116 3069 209 3128 opera
223 3052 350 3128 pietatis,
369 3059 399 3110 et
420 3051 568 3110 eharitatis
587 3052 757 3111 exercenda
778 3051 808 3111 iu
831 3052 929 3127 aliqua
943 3054 1086 3130 Ecclesia,

60 3143 126 3202 sive
149 3142 263 3200 sacello
286 3146 406 3212 erectae,
428 3139 557 3216 propriis
579 3141 705 3214 statutis,
722 3141 785 3200 sive
800 3141 910 3216 regulis
923 3142 1085 3219 instructae,

59 3229 246 3306 proprioque
259 3235 292 3287 ut
305 3228 465 3303 plurimum
487 3227 589 3287 habitu
610 3229 641 3288 in
664 3229 865 3289 functionibus
882 3239 1005 3307 ornatae,
1020 3251 1087 3309 quae

60 3325 132 3395 post
145 3319 235 3393 longe
250 3319 369 3392 lateque
383 3334 437 3392 per
459 3317 563 3376 orbem
585 3317 709 3377 diffusos
732 3319 884 3393 regulares
904 3320 1033 3393 ordines,
1048 3321 1086 3381 ad

60 3407 223 3484 quamdam
236 3405 410 3465 eorumdem
424 3405 643 3465 similitudinem
657 3405 796 3466 videntur
807 3424 874 3466 esse
883 3407 1022 3467 institutae
1032 3413 1084 3482 (1).

61 3495 333 3568 confraternitates,
348 3493 373 3553 si
388 3500 470 3553 recte
485 3495 658 3570 procedant,
674 3511 816 3570 magnum
838 3496 965 3555 afferunt
983 3498 1084 3558 Eccle-

61 3586 114 3646 siae
126 3586 278 3661 insamae,
293 3581 540 3660 splendidumque
554 3591 763 3645 ornamentum
777 3599 785 3658 3
801 3583 929 3661 ideoque
943 3585 1086 3649 neduma
1141 3600 1143 3606 ·
