2468 4090
621 149 780 204 -tte-

175 265 358 342 plenitudem
376 267 535 342 pastoralis
546 267 708 344 potcstatis,
724 274 751 327 ot
771 265 1030 343 Archicpircopolis
1043 267 1142 342 officii,
1158 283 1211 342 qen

177 354 388 430 Arctnptsoopt
409 355 495 414 certis
520 362 639 414 tontum
664 355 786 428 dulus,
810 363 837 414 ct
867 355 950 416 intro
978 353 1144 415 Ecclesiam
1170 355 1214 415 ati

178 450 311 520 possunt.
1226 449 1227 494 l

215 536 277 590 115.
301 532 425 592 Pallium
444 531 611 592 desumitur
631 549 671 592 ex
692 549 823 609 corpore
840 537 873 594 n.
897 532 986 608 Petri,
1009 532 1078 608 quia
1098 533 1141 592 ad
1154 535 1213 608 ejm

153 667 156 676 .
181 620 304 680 alterae
318 628 346 682 S.
370 622 511 682 Pontifica
524 627 625 681 Romae
656 628 861 695 consecratur,
884 627 917 680 ut
930 628 1036 696 postca
1062 612 1227 704 Archiam-l

180 724 274 784 scopo
297 709 451 784 instanter,
472 709 641 782 instantius,
657 709 869 770 instantissime
885 709 964 782 infra
976 716 1038 770 tres
1059 727 1184 770 menses
1200 713 1227 788 11)

181 813 236 854 sna
253 797 478 859 consecratione
499 799 613 875 petenti
630 797 775 860 tradatur.
801 798 926 859 Pallinm
938 798 1075 874 designat
1089 789 1227 875 planitu-{

182 885 283 947 dinem
310 888 467 964 pastoralis
488 887 654 964 potestatis,
678 894 709 948 et
728 888 998 965 Archiepiscopalis
1022 887 1128 962 officii,
1153 889 1227 966 quial

183 992 238 1052 per
263 976 371 1052 ipsum,
388 983 421 1036 ut
435 982 580 1037 Doctores
606 976 699 1050 aiunt,
719 976 864 1052 particula
884 977 1043 1054 pontificiae
1061 977 1227 1056 potestate}

184 1066 345 1140 confertur,
367 1065 661 1142 et'nrchiepiseopus
675 1066 794 1126 realiter
808 1065 945 1127 efficitur.
964 1071 1038 1126 Nam
1052 1067 1092 1126 ad
1103 1061 1227 1144 archie}

183 1154 372 1230 piscopatum
385 1157 509 1227 eleotuS,
524 1161 555 1214 et
568 1155 772 1228 confirmatus,
788 1160 818 1215 et
832 1161 1027 1216 consecratus
1047 1162 1121 1216 ante
1136 1151 1227 1244 rece-i

184 1242 317 1317 ptionem
334 1243 414 1304 Pallii
432 1242 679 1319 Archiepisoopus
702 1241 772 1317 dici,
792 1248 843 1302 aut
857 1259 1025 1304 convocare
1046 1243 1227 1320 concilium}

185 1337 236 1392 aut
250 1333 399 1394 conficere
415 1331 562 1407 chrisma,
576 1339 627 1392 aut
645 1331 784 1392 Basilicas
799 1331 950 1407 dedicare,
964 1338 1016 1392 aut
1027 1332 1158 1393 clericos
1172 1341 1227 1404 or·t

184 1419 299 1496 dinero,
320 1428 372 1482 aut
393 1421 450 1482 alia
466 1420 589 1497 majoris
604 1421 830 1496 jnn'sdictionis,
853 1422 901 1482 vel
924 1420 1038 1481 ordinis
1050 1422 1155 1482 faeere
1168 1407 1227 1488 nei

57 1500 69 1528 '
186 1508 250 1586 quit
262 1513 314 1581 (1).
340 1515 405 1570 Non
425 1516 526 1570 tamen
547 1509 722 1585 prohibetur
747 1527 793 1586 aa,
809 1527 878 1587 quae
898 1509 1013 1571 ordinis
1036 1517 1120 1588 sunt,
1137 1497 1227 1584 alterii

188 1599 335 1676 Episcopo
347 1601 485 1676 delegare
499 1602 509 1668 (
530 1603 552 1671 ).
755 1680 758 1685 ¹

221 1755 530 1824 (noannoeane.
549 1756 822 1823 -(r)oap.neoe.
880 1825 883 1830 Ι

1226 1841 1227 1868 i

226 1947 288 2002 116.
306 1947 444 2003 Summus
457 1943 592 2003 Pontifex
609 1943 698 2018 pallio
724 1959 842 2019 semper
856 1943 959 2016 utitur,
975 1949 1006 2003 at
1019 1943 1141 2020 ubique,
1155 1943 1215 2018 quia

192 2037 362 2107 assumptus
376 2038 422 2091 est
434 2031 465 2090 in
473 2031 687 2106 plenitudinem
696 2029 864 2106 potestatis,
878 2031 1129 2108 Archiepiscopus
1141 2033 1227 2110 varod

192 2121 299 2199 aliique
313 2123 362 2196 jus
386 2119 539 2180 deferendi
554 2119 675 2194 pellium
694 2120 850 2194 habentes,
876 2120 983 2180 eodem
1004 2119 1046 2179 uti
1060 2113 1227 2200 nequeunti

192 2211 249 2271 nisi
262 2211 293 2269 in
307 2228 362 2270 sua
375 2207 505 2272 Ecclesia
517 2208 594 2268 inter
617 2209 771 2269 Missurum
784 2208 941 2282 solemnia,
964 2215 995 2270 et
1009 2209 1098 2269 certis
1110 2203 1227 2268 tentoni

193 2299 322 2360 definitis
335 2298 451 2371 diebus,
473 2296 542 2372 qnia
555 2297 653 2357 vocati
667 2297 779 2357 suntin
794 2305 912 2374 partem
932 2297 1150 2371 sollicitudinis,
1165 2311 1215 2355 non

193 2389 223 2448 in
235 2387 450 2464 plenitudinem
463 2385 618 2461 potestatis
628 2389 679 2456 (1).
696 2385 819 2446 Palliiun
830 2385 960 2461 denique
971 2386 1012 2446 ita
1022 2386 1156 2446 cohaeret
1164 2371 1227 2466 per-i

196 2494 287 2550 sonae,
312 2482 342 2536 et
361 2477 439 2549 loco,
455 2475 573 2534 enituit
591 2491 780 2550 conoessum,
796 2481 829 2535 ut
849 2481 979 2550 nequeat
994 2475 1079 2534 alteri
1092 2475 1227 2534 commo-i

196 2566 272 2639 dari,
287 2572 317 2626 et
330 2571 416 2625 extra
427 2563 613 2641 provinciam
627 2562 745 2636 delenti,
758 2568 792 2622 ut
805 2563 830 2622 si
844 2563 1008 2640 contingat,
1019 2562 1213 2639 Archiepisoo

197 2672 269 2732 pum
286 2671 348 2714 snae
369 2653 503 2729 dignitati
524 2650 714 2726 renunciare,
732 2653 821 2729 pallio
843 2652 969 2728 amplius
983 2652 1027 2712 uti
1041 2657 1177 2729 nequeat,
1193 2639 1227 2714 eti

198 2744 305 2804 debeat
323 2759 436 2802 novum
453 2741 574 2818 pallium
594 2740 739 2813 obtinere,
756 2740 782 2800 si
795 2741 947 2817 contingat
964 2741 1215 2817 Archiepiscopun

198 2833 237 2892 ad
252 2833 339 2892 aliam
352 2831 536 2908 Metropolim
548 2829 712 2904 transferri,
727 2828 768 2890 ita
785 2835 818 2888 ut
831 2845 901 2890 oum
915 2847 971 2889 suo
986 2831 1087 2907 pallio,
1101 2831 1151 2891 vel
1163 2827 1227 2908 pal-p

168 2995 170 3000 ,
199 2921 245 2982 liis
260 2920 297 2980 sit
308 2920 520 2997 sepeliendus(
540 2922 561 2992 ).
1226 2919 1227 2994 l

232 3078 268 3143 (1)
282 3077 347 3143 Cep:
362 3033 391 3140 4,
400 3077 433 3128 de
447 3078 519 3128 auct.
538 3076 565 3128 et
578 3088 631 3127 usu
648 3073 713 3140 pall.
731 3101 759 3112 -
776 3073 811 3139 (2)
825 3071 892 3140 Gap.
907 3073 994 3126 leod.
1226 3141 1227 3168 1

237 3253 299 3325 eri.
319 3261 566 3338 Archiepiseopus
579 3267 648 3338 post
661 3267 818 3337 receptum
838 3257 959 3336 pellium
969 3260 1039 3336 Jura
1055 3255 1213 3334 metropoli·

204 3352 261 3413 tica
275 3371 366 3428 supra
381 3352 545 3429 Episcopos
558 3351 766 3426 suffraganeos
778 3355 912 3421 exercet,
929 3365 996 3425 quae
1010 3348 1082 3408 olim
1095 3349 1182 3409 multa
1192 3345 1227 3438 11)

205 3457 314 3517 magna
327 3448 431 3514 crant,
445 3457 527 3501 nunc
541 3446 640 3500 autem
653 3439 782 3512 modica,
800 3444 830 3499 et
844 3436 998 3515 sequentia
1008 3445 1212 3498 recensentur:
1226 3503 1227 3522 χ

206 3534 237 3589 1⁰
251 3534 352 3589 Potest
365 3536 396 3590 et
406 3530 495 3589 debet
507 3529 752 3605 archiepiscopus
764 3545 803 3588 ax
811 3528 1102 3616 jnrexsuffraganoos
1114 3526 1212 3604 episco·

1226 3629 1227 3670 1
