2490 4088
560 92 703 148 -4g..

116 232 128 262 ι
146 215 227 274 tetur,
244 225 280 263 an
293 213 321 264 io
342 212 403 278 lege
426 211 598 279 promulgata
621 209 874 277 comprehendatur,
888 209 933 264 vel
945 223 1010 274 non,
1029 210 1143 278 aliquod

116 300 128 332 ι
144 296 213 335 onus
228 304 234 332 ι
250 289 314 334 tunc
327 283 400 334 anim
412 297 467 335 uon
480 289 605 335 tenemur
618 282 686 334 illud
706 282 827 347 implere,
844 282 910 348 quia
923 295 973 347 pro
992 281 1041 333 illa
1055 287 1145 350 parte,

115 371 128 403 r
146 355 180 406 do
192 367 247 419 qua
256 354 298 405 lex
310 359 352 405 est
365 353 458 418 dubia,
472 355 517 406 lex
531 368 586 406 non
599 353 729 420 possidet.
744 353 842 405 Contra
852 366 917 404 vero
929 353 953 404 si
963 353 1006 405 lex
1018 357 1061 405 est
1070 357 1144 406 certe

116 443 128 474 i
146 426 261 487 condita,
276 431 303 475 et
317 429 390 476 carte
403 425 584 491 promulgata,
599 429 627 477 et
640 425 703 476 inde
719 423 805 476 oritur
820 423 942 488 dubium,
960 437 995 474 au
1008 424 1043 475 sit
1062 424 1143 476 abro-

116 516 128 546 ι
146 501 217 561 gata,
232 496 275 548 vel
288 501 422 561 revocata,
435 501 482 548 aut
497 496 664 562 dispensata,
679 498 721 547 est
737 495 916 559 observanda,
930 495 996 562 quia
1008 500 1074 546 tunc
1085 495 1146 562 ipsa

116 584 128 616 ι
146 566 274 632 possidet.
288 567 333 618 Sic
346 568 428 618 etiam
446 568 475 618 in
491 567 583 630 dubio,
599 581 634 620 sn
651 567 695 618 lex
708 579 757 631 per
771 579 801 618 se
809 568 883 632 justa
896 565 979 618 inerit
993 569 1145 634 acceptata,

116 656 128 687 ι
145 639 227 691 etiam
238 639 376 690 obseruari
389 638 478 703 dohet,
501 641 564 706 quia
578 637 798 704 presumendum
817 643 867 698 est,
884 650 944 690 eom
967 637 1051 688 fuisse
1069 651 1145 689 rece·

117 726 129 757 i
146 714 220 774 ptam
236 723 269 760 ax
284 709 330 760 illo
341 709 393 762 alio
408 709 539 777 principio
555 708 608 762 :In
624 709 703 762 dudio
716 708 892 774 presumitur
905 710 1018 774 scotum,
1029 706 1102 774 qued
1111 706 1145 760 dc

117 798 129 829 i
141 782 207 848 jora
224 780 382 843 [mudum
394 783 463 834 crat
484 799 499 826 a
514 781 607 834 Theoi.
623 794 690 832 mor.
715 779 734 832 l.
756 782 778 832 l.
799 794 823 832 o.
847 781 873 844 2,
904 794 931 830 n.
945 779 987 845 27,
1009 784 1036 831 et
1059 779 1146 831 corol.

114 853 194 920 prim.
210 853 413 918 cruentemus
429 851 474 903 hic
488 851 515 903 S.
528 853 671 904 Doctorem
689 850 763 916 loqui
777 851 811 904 de
825 851 1020 918 acceptatione,
1037 850 1095 903 sive
1109 850 1146 902 de

115 923 283 986 executione,
301 937 362 990 quaa
372 937 421 989 per
434 923 596 976 decennium
611 923 683 975 tacta
694 937 750 976 uon
763 922 826 976 luit.

149 1103 194 1158 39.
210 1105 271 1160 Len
286 1099 497 1176 obligationem
516 1097 639 1171 inducit,
654 1115 710 1158 seu
722 1097 885 1173 duculum,
897 1115 957 1175 quc
967 1096 1096 1175 Judices,
1113 1103 1146 1157 et

113 1187 223 1247 subditi
236 1190 275 1247 ad
285 1188 552 1264 obtemperandum
570 1186 807 1264 obstringuntur,
823 1203 885 1246 non
904 1188 1001 1247 solum
1015 1193 1143 1262 propter

112 1275 198 1349 iram,
214 1283 247 1336 ut
266 1276 396 1353 loquitur
410 1282 442 1336 b.
460 1278 567 1336 Paulus
588 1279 639 1351 (tr,
668 1275 722 1336 sed
740 1274 829 1336 etiam
847 1282 971 1355 propter
987 1273 1143 1334 couscien-

112 1363 194 1438 tiam,
222 1365 336 1425 scilicet
356 1383 416 1425 non
442 1367 538 1424 solum
563 1373 644 1424 metu
667 1381 836 1440 poenarum,
859 1363 1025 1425 sedetiam
1048 1380 1087 1424 ne
1108 1363 1141 1422 ln

112 1453 294 1514 conscientia
308 1461 442 1530 peccent.
465 1459 526 1513 lloc
544 1453 643 1529 ipsum
666 1454 704 1512 ad
723 1454 805 1530 leges
822 1453 924 1514 civiles
953 1452 1139 1526 extenditur,
1234 1485 1237 1520 ς

112 1541 191 1617 qnia,
212 1550 287 1603 teste
301 1544 408 1603 eodem
425 1548 457 1602 b.
474 1545 575 1616 Paulo,
597 1542 694 1602 omnis
715 1541 814 1601 anima
832 1541 1030 1617 potestatibus
1048 1557 1141 1617 supe·
1199 1575 1202 1578 -

111 1630 240 1690 rioribus
265 1631 383 1691 subdita
409 1649 476 1692 esse
497 1632 594 1704 dehet,
610 1638 640 1692 et
652 1630 729 1708 quia,
746 1642 779 1690 ut
794 1628 875 1690 aits.
891 1629 1071 1706 augustinus
1085 1635 1096 1702 (
1117 1635 1140 1704 ),
1238 1629 1240 1694 'i

111 1719 176 1794 ipsa
180 1722 247 1794 jura
259 1721 387 1780 humana
401 1737 455 1796 per
465 1725 672 1796 imperatores,
687 1726 717 1780 et
726 1725 908 1796 Regesbeus
920 1719 1067 1780 distribuit
1081 1720 1142 1778 hu·
1240 1738 1241 1757 ¹

111 1824 201 1868 mano
221 1809 332 1884 generi.
352 1809 545 1869 Nihilominus
566 1815 665 1885 potest
679 1809 809 1883 evanue,
823 1815 856 1868 ut
872 1810 922 1869 lex
936 1825 1019 1870 mere
1030 1825 1139 1884 poena·
1241 1811 1243 1886 ζ

110 1895 147 1955 lis
158 1901 210 1969 (3),
225 1905 255 1956 et
276 1899 367 1957 lexin
388 1900 458 1958 facti
471 1899 703 1975 praesumptione
723 1899 853 1971 lundata,
873 1897 924 1957 uhi
947 1899 1060 1958 factum
1075 1913 1138 1958 uon

111 1984 255 2058 subsistit,
270 1987 308 2045 ad
322 1988 441 2063 cuipam
459 1987 489 2046 in
504 1988 686 2048 conscientia
699 2005 760 2048 non
776 1986 887 2063 obliget
899 1993 949 2080 (ᾇ).

141 2123 177 2188 (l)
189 2124 231 2174 Ad
245 2125 320 2175 Rom.
339 2125 375 2176 13.
392 2154 417 2162 -
434 2127 469 2191 (t)
487 2127 550 2178 Can.
568 2129 589 2191 l,
605 2128 667 2180 dist.
681 2129 705 2180 8.
720 2157 750 2166 —
760 2129 796 2195 (3)
814 2129 918 2181 Dicitur
931 2131 976 2182 lex
989 2145 1063 2185 ruera
1076 2148 1136 2200 poe-

110 2195 190 2259 nelis,
204 2197 311 2261 qnando
325 2198 426 2262 obligat
440 2201 544 2250 tantum
560 2199 593 2250 ad
611 2214 728 2264 pienum,
745 2206 772 2252 et
784 2215 838 2252 non
852 2202 886 2253 ad
899 2203 1017 2268 culpam,
1029 2210 1059 2256 ut
1074 2219 1136 2258 essa

110 2266 198 2317 solent
213 2268 287 2332 leges
299 2269 473 2333 prohibentes
489 2272 600 2322 arbores
611 2271 688 2336 caedi,
702 2273 887 2336 piscationem,
903 2281 949 2324 aut
966 2278 1137 2329 venationem

108 2339 238 2401 exerceri,
254 2341 295 2390 vel
306 2353 440 2391 sunonem
457 2341 578 2392 abstrahi
593 2343 643 2392 suh
658 2345 801 2407 temporali
816 2358 904 2408 poena,
918 2360 951 2396 ex
965 2360 1005 2410 gr.
1021 2353 1060 2398 tot
1072 2362 1136 2399 scu·

54 2446 61 2460 .
109 2413 205 2460 torum.
235 2409 262 2458 Si
294 2425 355 2461 vero
374 2413 510 2463 contineat
530 2420 697 2478 praeceptum
716 2415 791 2465 illam
810 2416 982 2478 observandi,
1004 2420 1031 2469 et
1053 2419 1135 2470 simul

110 2481 211 2544 irroget
226 2494 334 2544 poenam
357 2483 613 2547 transgressoribus,
628 2486 744 2536 maxima
766 2488 789 2536 si
812 2500 893 2550 poena
919 2489 954 2538 sit
973 2489 1134 2555 spiritualis,

109 2549 208 2600 dicitur
223 2553 338 2614 poenalis
352 2553 445 2616 uinta,
464 2560 490 2604 et
506 2555 608 2620 obligat
633 2558 666 2607 ad
683 2571 792 2622 poenaru
815 2558 906 2620 simul,
928 2563 954 2610 et
967 2561 1084 2624 culpam.
1102 2589 1133 2601 -

106 2621 142 2685 (l)
157 2622 211 2671 Lex
224 2622 323 2672 dicitur
337 2625 365 2674 in
385 2626 446 2675 laeti
461 2627 671 2691 praesumptione
687 2628 809 2689 lundata,
825 2643 885 2680 cunr
902 2630 985 2683 habet
999 2645 1131 2696 praesum·

106 2693 225 2756 ptionern
237 2693 300 2742 sacti
314 2708 362 2760 pro
377 2697 487 2748 ratione.
504 2698 547 2748 Sic
564 2699 607 2748 lex
619 2700 772 2764 praesumit,
782 2700 928 2765 haeredem,
944 2704 990 2768 qui
1002 2705 1074 2757 hona
1091 2707 1133 2756 in·

105 2764 175 2814 vasit
198 2764 318 2815 defuncti
345 2765 403 2817 sine
429 2769 588 2833 inventario,
610 2771 663 2820 sibi
685 2771 757 2822 bona
779 2773 937 2824 attribuisse
964 2775 1133 2830 haereditatis

104 2833 207 2898 absque
222 2849 253 2885 eo
273 2837 345 2900 quod
360 2837 453 2889 eadem
469 2844 643 2904 repraesentet
657 2842 691 2892 ad
715 2843 934 2894 satisfaciendum
952 2848 1133 2900 oreditoribus

105 2903 294 2970 haereditariis,
312 2908 384 2972 quod
398 2923 447 2974 per
463 2910 608 2962 humanam
628 2914 759 2964 malitiam
780 2916 887 2966 omnino
910 2918 1053 2982 probabile
1074 2925 1127 2971 est.

105 2975 138 3055 lit
152 2977 186 3025 ob
200 2977 270 3028 hanc
285 2982 521 3044 presumptionem
536 2985 577 3033 lex
598 2985 759 3050 praescribit,
774 2990 804 3036 ut
825 2987 921 3051 hares,
937 2989 983 3053 qui
997 2990 1132 3042 bonorum

103 3049 283 3099 inventarium
298 3061 351 3100 non
366 3053 487 3117 coniecit,
505 3069 536 3104 ex
552 3056 630 3106 bonis
647 3057 761 3123 propriis
785 3062 911 3110 teneatur
927 3061 1053 3114 omnihus
1069 3077 1129 3115 ore-

103 3116 237 3168 ditoribus
251 3121 416 3184 satisfacere,
433 3138 494 3175 curn
509 3127 580 3178 vires
594 3125 774 3180 haereditariae
788 3143 841 3180 non
856 3131 1005 3183 sufficiunt.
1026 3135 1063 3184 At
1078 3149 1129 3202 po·
1226 3183 1229 3188 .

102 3201 210 3251 namus,
225 3189 361 3242 haeredeuu
374 3194 442 3244 nihil
457 3210 490 3246 ex
501 3197 659 3251 haereditate
674 3200 852 3264 subtraxisse,
868 3203 895 3252 in
906 3205 1071 3255 conscientia
1085 3206 1130 3256 ul·

102 3261 145 3308 tra
157 3260 229 3311 vires
246 3261 413 3316 haereditatis
425 3279 478 3316 non
493 3269 647 3332 tenebitur3
662 3274 726 3336 quia
742 3271 786 3322 lex
807 3263 980 3324 fundatur¹in
993 3289 1129 3340 praesum-

102 3329 192 3394 ptione
206 3333 405 3399 subtractionis,
420 3350 482 3400 qum
496 3339 565 3390 salsa
582 3345 623 3390 est
639 3361 644 3390 :
660 3343 834 3408 praesnmptio
851 3344 923 3394 enim
936 3344 1017 3396 debet
1031 3347 1129 3400 cedere
1227 3401 1231 3410 ,

101 3399 217 3450 veritati.
234 3403 417 3458 Nihilominus
441 3409 464 3458 si
484 3410 511 3458 in
525 3409 582 3462 loro
604 3417 714 3464 externo
735 3428 784 3480 per
801 3415 906 3478 iudices
921 3416 1125 3482 condamnetur,

100 3471 147 3534 qui
162 3471 259 3524 debent
267 3476 389 3540 iudicare
403 3479 551 3532 secundnm
566 3483 648 3549 leges,
664 3498 777 3538 necnon
789 3487 938 3540 secuudum
951 3493 1010 3540 acta
1021 3493 1048 3541 et
1061 3503 1127 3554 pro-

629 3635 636 3663 l
