2468 4090
599 185 762 244 -ata-

172 308 301 369 Minores,
312 305 469 368 Eremitani,
480 313 508 358 et
518 307 679 360 carmelitae.
696 309 760 374 Gap.
773 309 845 361 unic.
857 309 892 362 de
906 309 983 374 relig.
997 309 1026 360 in
1036 309 1059 359 tn
1068 309 1176 360 &ccum

173 378 358 430 Tridentinum
373 379 512 442 permittat
534 380 605 430 bona
626 379 775 431 immobilia
799 380 937 445 possidere
957 379 1074 432 omuibus
1094 393 1176 431 mona-

171 450 269 512 steriis,
284 452 309 500 et
323 446 444 499 domibus
457 452 515 502 tem
529 450 663 516 uirorum,
673 465 755 516 quam
769 451 923 514 mulierum,
934 455 959 503 et
973 451 1175 512 mendicantium,

173 522 292 586 exeeptis
315 520 511 579 Franciscanis‚
531 535 598 574 sess,
617 523 656 582 25,
673 537 696 574 c.
712 525 735 584 3,
750 523 784 574 de
799 523 884 588 regul.
899 522 1176 584 videreturdicendum,

174 595 282 646 Fratres
292 593 321 642 in
331 592 382 642 huo
393 593 551 656 exceptione
565 608 618 644 non
633 594 840 658 comprehensos
854 595 1036 645 mendicantes
1049 608 1099 644 non
1111 607 1176 658 posse

173 663 291 730 amplius
301 663 444 728 appellari.
462 663 644 717 Nihilominus
660 679 754 716 omnes
770 666 893 731 praedicti
903 679 1010 730 nornen,
1022 671 1048 716 et
1056 665 1177 730 privilegia

173 735 383 788 mendicantium
398 748 430 785 ex
444 733 555 798 speciali
571 736 597 786 S.
614 737 692 788 Sedis
707 739 879 788 concessione
892 736 982 788 adbuc
1001 737 1115 798 retinent,
1128 735 1177 785 licet

174 811 275 874 queant
291 804 439 857 immobilia
460 806 488 854 in
511 808 646 858 mmmuni
660 808 812 872 acquirere,
829 811 856 858 et
867 807 1004 872 possidere
1025 805 1177 860 Reiffenstuel

174 879 209 930 ad
222 879 263 930 tit.
278 876 313 928 de
329 875 413 940 regul.
429 890 456 928 n.
469 875 510 926 19.
527 903 554 914 -
569 878 605 942 (3)
624 878 675 929 Hic
698 878 837 930 adcenseri
855 878 935 929 etiam
949 879 1048 930 debent
1062 877 1177 938 Tertiarii

174 951 221 1016 qui
240 949 274 1000 ad
294 947 459 1013 respectivas
479 948 635 1013 Religiones
655 950 799 1014 pertinent.
817 949 941 1000 Tertiarii
957 949 1009 1002 boc
1028 950 1127 1000 nomine
1140 960 1178 1010 ap-

174 1021 317 1089 pellantur,
331 1019 396 1084 quia
407 1019 518 1070 tertium
535 1019 676 1070 efformant
690 1021 826 1085 religionis
841 1019 1019 1072 mendicantis
1028 1021 1146 1072 ordinem.
1156 1019 1178 1068 s.

174 1092 335 1143 Franciscus
349 1089 490 1142 constituit
505 1091 622 1154 primum
642 1091 762 1143 ordinem
777 1091 901 1153 iratrum,
916 1092 1063 1143 secundum
1075 1091 1178 1142 ordinem

175 1162 342 1223 monialium,
352 1167 379 1228 et
392 1161 502 1212 tertium
516 1163 674 1220 caramuel
689 1175 792 1224 earum,
803 1164 859 1227 qul,
869 1175 964 1228 quaeve
974 1164 1100 1228 proxime,
1112 1174 1179 1227 quan·

176 1239 232 1286 tum
242 1233 299 1285 fleri
314 1236 428 1296 poterat,
444 1232 479 1283 ad
494 1231 579 1284 dictos
593 1235 702 1286 ordines
714 1233 879 1285 accederent.
896 1234 1051 1286 Istiusmodi
1064 1231 1177 1292 Tencteri,

174 1306 217 1358 rel
229 1303 369 1357 Tertiariae
384 1303 511 1368 pluribus
536 1305 687 1368 privilegiis
710 1305 847 1370 fruuntur,
870 1308 897 1356 et
917 1307 996 1370 prius
1017 1306 1045 1356 in
1058 1304 1178 1356 maalein
1219 1301 1220 1336 l

176 1375 301 1428 domibus
314 1374 525 1440 particularibus
539 1375 653 1426 seorsim
666 1374 805 1436 vivebant;
816 1380 909 1441 postea
918 1390 981 1427 vero
991 1376 1026 1426 ad
1036 1377 1111 1428 vitam
1120 1389 1177 1428 com-
1219 1389 1220 1458 1

176 1461 285 1498 munem
307 1445 358 1496 sub
373 1459 446 1503 cura.
463 1449 490 1496 et
504 1446 649 1497 directione
670 1447 818 1511 superioris
840 1446 1023 1506 convolarunt,
1044 1449 1109 1500 sicut
1123 1460 1179 1497 nunc
1219 1459 1220 1542 1

176 1531 249 1582 saepe
263 1517 402 1568 observari
417 1516 548 1568 ridemus.
560 1516 725 1568 Relienstuel
740 1518 789 1568 loc.
806 1518 850 1568 cit.
864 1532 892 1567 n.
908 1518 947 1568 56.
963 1546 988 1554 -
1004 1519 1040 1583 (1)
1055 1518 1179 1583 llegulares
1219 1555 1220 1562 ,

177 1593 291 1654 possunt
304 1601 411 1654 quoque
425 1586 510 1639 dividi
526 1589 553 1637 in
567 1587 713 1638 monachos
726 1593 754 1639 et
771 1589 954 1640 mendicantes
974 1590 1082 1655 proprie
1102 1590 1179 1648 dions,
1216 1589 1220 1650 l

178 1662 205 1712 at
219 1658 330 1710 clericos
344 1658 492 1722 regulares.
509 1658 631 1709 Monacbi
644 1659 752 1723 proprie
766 1659 831 1709 dicti
847 1665 918 1723 sunt,
929 1673 997 1724 quos
1011 1675 1092 1726 supra
1103 1659 1179 1710 retuli·

179 1743 265 1786 mus;
289 1729 383 1780 Clerici
406 1742 470 1779 vero
492 1729 632 1794 regulares
653 1729 831 1796 appellentur,
851 1731 898 1795 qui
912 1731 963 1782 sub
978 1739 1052 1783 certa
1065 1731 1180 1796 regulain

179 1800 315 1851 communi
326 1801 429 1858 vivunt,
445 1806 472 1851 et
483 1808 545 1850 vota
559 1801 689 1852 solemnia
706 1802 839 1865 emittunt,
854 1803 1005 1866 cujusmodi
1018 1807 1080 1854 sunt
1092 1802 1181 1854 Theati·

179 1871 217 1929 ni,
236 1870 384 1928 Somascbi,
395 1871 559 1929 Barnabitae,
574 1870 692 1921 Ministri
709 1871 884 1933 intirmorum,
895 1876 922 1923 et
935 1873 1032 1925 Clerici
1045 1873 1182 1925 Scholarum

179 1941 301 2003 Piorum,
318 1941 445 2005 aquibus
460 1941 574 1992 multum
591 1941 719 1993 differunt
736 1943 832 1994 Clerici
853 1943 999 1996 saeculares
1015 1946 1041 1995 in
1055 1958 1181 2010 congmpa·

179 2012 254 2064 tione
268 2011 390 2064 viventes
406 2033 412 2062 :
427 2025 490 2062 nam
512 2011 578 2065 licet
599 2012 627 2062 hi
648 2014 699 2065 sub
720 2014 836 2078 quadem
855 2015 949 2079 regula
968 2016 1022 2067 sint
1036 2015 1181 2082 congregem

181 2087 271 2134 tamen
291 2083 334 2134 vel
353 2083 429 2135 nulla
444 2083 571 2134 emittunt
587 2087 658 2148 vota,
672 2084 715 2135 vel
737 2087 842 2136 tantum
857 2086 1002 2152 simplicia,
1025 2088 1115 2154 quales
1134 2089 1183 2138 aunt

180 2154 331 2220 Philippini
348 2156 404 2206 aS.
420 2154 546 2219 Philippo
561 2155 654 2218 Nerio,
670 2155 862 2207 Missionariia
879 2157 906 2207 li.
924 2158 1066 2212 Vincentio
1079 2174 1094 2210 a
1107 2157 1181 2218 Paulo,

180 2229 208 2278 et
222 2225 446 2291 Redemptoristae
463 2239 480 2279 a
493 2225 521 2278 S.
534 2224 674 2292 alphonso
689 2226 722 2279 de
736 2227 843 2294 Ligurio
857 2228 984 2282 instituti.
1000 2230 1132 2297 selredus
1141 2229 1156 2280 l.
1166 2228 1182 2291 l,

154 2309 156 2314 ·
183 2303 202 2352 t.
217 2297 298 2362 ³¹,n.
313 2297 337 2349 8.
926 2331 934 2344 ,

217 2498 280 2555 ate.
301 2496 374 2552 Cum
386 2490 447 2551 rita
470 2491 617 2567 regderis
639 2491 677 2554 sit
699 2493 737 2554 de
757 2494 872 2554 meliori
891 2495 985 2569 bono,
999 2501 1034 2556 ut
1046 2497 1183 2572 loquuntur

184 2582 305 2654 sobolae,
321 2580 459 2640 omnibus
479 2586 560 2655 patet
579 2579 617 2638 ad
631 2597 697 2640 eam
710 2579 818 2655 aditus,
840 2582 897 2642 nisi
912 2584 1009 2658 ajune
1030 2583 1181 2654 claudetur,

184 2667 330 2730 clauditur
344 2673 444 2726 autem
453 2665 463 2726 2x
476 2674 506 2727 10
521 2667 690 2728 criminosis
702 2672 757 2742 (l),
777 2673 807 2728 2⁰
821 2670 980 2732 infamibus
994 2677 1051 2746 (2);
1069 2678 1097 2732 30
1108 2673 1182 2748 impu-

184 2756 305 2816 beribus
319 2758 374 2828 (3);
390 2761 419 2814 10
433 2755 591 2838 illegitimis
604 2760 661 2829 (l),
678 2763 708 2817 50
725 2775 853 2834 corpore
866 2759 974 2819 vitiatis
988 2764 1046 2834 (5),
1061 2766 1091 2821 60
1103 2758 1182 2821 matri-

182 2843 285 2902 monio
299 2851 506 2902 consummato
520 2843 642 2902 deuotis
654 2848 712 2918 (6),
735 2850 765 2904 7⁰
779 2847 969 2906 matrimonio
990 2849 1126 2925 spirituali
1140 2852 1180 2907 ltc-
1220 2833 1221 2886 l

184 2931 282 2992 clesiae
296 2931 465 3008 particulari
479 2930 605 2991 addictis
620 2936 675 3006 (7);
701 2939 731 2994 8⁰
746 2934 792 3009 iis,
817 2935 867 3011 qui
891 2936 1002 2997 hebent
1025 2936 1180 3014 parentasia

184 3020 267 3096 gravi
293 3019 470 3102 necessitate
500 3020 686 3095 consituros,
713 3030 743 3084 et
766 3039 842 3098 quos
866 3031 992 3099 possunt
1018 3027 1080 3086 sine
1098 3025 1179 3086 erma

184 3108 357 3187 prejudicio
368 3110 473 3186 juvare
487 3111 545 3183 (8);
569 3115 600 3169 90
621 3110 667 3185 iis,
689 3112 739 3186 qui
759 3112 799 3171 ob
813 3112 1095 3176 administrationem
1106 3112 1178 3192 publi-
1220 3147 1221 3182 1

184 3214 262 3271 cam,
274 3199 322 3258 vel
335 3197 482 3274 privatam
494 3198 644 3258 bonorum
662 3200 869 3276 temporalium
883 3201 922 3260 ed
936 3203 1067 3264 rabones
1078 3203 1176 3264 reddeu-

184 3286 240 3347 das
252 3285 351 3360 adhuc
368 3291 508 3346 tenentur
519 3288 580 3359 (9),
609 3291 657 3347 100
675 3286 722 3362 iis,
744 3289 794 3365 qui
814 3305 875 3348 non
895 3289 1007 3352 habent
1027 3289 1175 3353 necessarias

157 3430 159 3434 ,
185 3375 270 3436 dotes
280 3375 387 3448 animi;
404 3379 451 3435 110
465 3375 510 3448 iis,
523 3374 575 3451 qui
584 3375 720 3452 Episcopi
733 3376 934 3438 testimouium
944 3397 1006 3440 non
1018 3379 1173 3451 habendi),

184 3468 233 3524 12⁰
260 3464 296 3524 iis
321 3463 459 3542 denique,
488 3464 539 3540 qui
568 3481 730 3540 supernam
757 3467 948 3530 roccionem
961 3485 1024 3531 non
1037 3467 1173 3550 praesete·

185 3557 258 3616 runt
269 3554 339 3628 (11).
