2566 4102
485 109 627 166 ..23-

55 228 176 282 Pontifici.
191 229 260 282 Haec
274 231 316 282 ast
331 231 395 282 nota
420 227 633 292 charataristica‚
650 229 714 296 qnia
732 231 811 296 Juxta
833 231 861 284 S.
883 230 1072 286 Ambrosium:

56 301 94 354 lili
106 305 141 354 est
154 302 260 363 acano,
275 301 315 354 ibi
327 301 443 354 caclano.
457 301 529 352 Hinc
545 302 693 354 societates
707 302 957 366 clerico-liberales,
972 307 999 355 at
1012 303 1071 356 eliae

54 371 123 436 hujus
137 373 247 436 generis
261 373 366 438 pluries
389 386 524 424 asumma
542 373 670 424 Pontilica
685 373 839 438 reprobatis
849 377 877 424 el
889 374 1022 429 damnatae
1036 375 1071 426 ab
1159 385 1161 394 ’

55 444 233 495 ecclesiasticis
249 443 422 496 societatibus
432 447 486 496 toto
502 442 826 508 coelodillerunt.Syllab.
836 445 882 508 fil.
893 445 1070 511 —(2)Eccle-
1118 449 1121 458 '

56 517 87 564 sia
101 519 142 566 est
156 515 257 580 corpus
272 516 372 576 virum,
386 515 415 565 in
431 528 484 581 quo
501 517 543 566 est
556 515 646 566 anima
662 519 689 566 et
699 529 812 580 corpus:
823 515 966 581 etquidem
981 516 1073 570 anima

56 589 107 636 sunt
119 586 227 638 interna
239 587 311 638 dona
325 587 443 651 Spiritus
456 586 557 650 Sancti,
575 585 652 647 fides,
669 599 741 650 epea,
758 586 884 650 charitas,
903 593 953 638 ato.
966 588 1072 652 Corpus

56 661 108 708 aunt
127 661 239 710 externe
260 658 394 722 professio
416 657 488 718 fidei,
506 657 751 718 et,comrnunicatio
772 659 1015 721 sacramentorum,
1038 671 1072 710 ex

56 742 99 792 quo
112 729 150 789 at,
159 733 190 779 ut
217 729 329 793 quidam
349 729 406 780 sint
419 728 453 780 de
467 728 557 780 anima
578 733 606 780 et
617 741 730 792 corpore
746 729 885 792 Ecclesiae,
901 743 932 781 ac
955 728 1069 794 proinde

55 801 114 850 uniti
123 801 230 851 Christo
237 800 326 864 Capiti
337 799 461 862 interius,
473 804 499 850 at
509 801 645 858 exterius3
662 798 772 864 quidam
783 800 816 851 de
826 801 925 863 anima,
937 806 964 852 et
973 814 1028 852 non
1038 798 1072 850 da

57 885 165 936 corpore,
181 874 212 923 nt
234 871 432 933 cathecumeni,
454 876 481 922 et
499 870 731 933 excommunicati,
754 870 777 922 si
794 869 874 922 fidem
904 869 1023 922 habeant
1047 873 1074 922 at

57 946 215 1010 charitatem
240 946 349 1011 quidam
367 945 483 1011 denique
506 946 540 998 de
563 960 685 1011 corpore,
700 950 728 998 et
740 959 794 998 non
808 945 842 998 de
857 947 956 1008 anima,
972 949 1002 998 ut
1026 945 1074 1011 qui

57 1017 147 1067 nullam
160 1018 262 1069 habent
281 1017 417 1068 internam
433 1018 569 1078 virtutem,
586 1019 614 1069 al
630 1021 720 1068 tamen
733 1029 791 1083 spe,
802 1022 850 1071 aut
862 1017 958 1070 timore
982 1017 1074 1082 aliquo

58 1089 185 1152 temporali
199 1090 360 1154 profitentur
375 1088 465 1150 iidem,
477 1094 504 1140 et
516 1089 544 1141 in
558 1089 740 1142 sacramentis
754 1089 954 1142 communicant
964 1089 1016 1142 sub
1031 1100 1074 1140 ra·

60 1159 322 1243 giminal‘aatorum3
827 1188 830 1194 ·

88 1359 127 1414 El.
150 1353 283 1416 Ecclesia
305 1354 451 1414 catholica
474 1361 520 1415 eal
533 1371 603 1428 una,
627 1358 745 1427 Sancta,
768 1361 798 1416 el
820 1353 997 1432 apostolice.
1013 1359 1075 1416 Una

61 1449 169 1519 propter
195 1444 335 1504 eamdem
361 1444 462 1517 fidem,
491 1449 749 1504 sacramentorum
777 1442 1030 1516 communionem,
1045 1449 1076 1504 et

61 1533 261 1608 subjectionem
280 1537 413 1592 Romano
427 1532 571 1606 Pontitloi,
596 1532 637 1593 ita
659 1537 692 1592 ut
714 1533 824 1592 efficiat
837 1549 931 1592 anum
954 1549 1075 1619 corpus¹

63 1638 105 1679 sen
118 1621 200 1696 ovile,
221 1627 251 1681 et
265 1621 372 1682 habeat
386 1639 479 1682 unum
493 1621 622 1698 primunr
645 1627 809 1696 Pastorem,
825 1621 1077 1698 quamadmodum

64 1709 178 1771 delinivit
190 1711 308 1771 divinns
325 1712 390 1786 ejus
408 1711 549 1771 fundator
561 1715 613 1783 (l).
629 1715 702 1770 Cum
718 1717 816 1770 wrcen
831 1716 956 1770 extensa
971 1711 1008 1770 sit
1021 1727 1076 1787 par

64 1799 220 1860 nniversam
247 1800 363 1870 orbem,
382 1798 422 1858 nil
440 1798 533 1859 officit
547 1800 612 1875 ejus
626 1798 740 1871 unitati,
756 1798 781 1858 si
792 1816 811 1858 a
824 1799 898 1858 locis
914 1799 1076 1874 saepissime

66 1890 221 1962 appelletur,
235 1889 267 1948 in
282 1888 390 1964 qmbua
405 1895 512 1960 exstat,
525 1895 559 1948 ut
578 1905 647 1948 curn
661 1893 694 1947 Ι).
711 1889 819 1947 Paulus
832 1887 863 1947 in
882 1887 998 1947 duabus
1014 1887 1077 1948 suis

67 1977 180 2050 epistolis
206 1979 245 2037 ad
271 1977 440 2038 Corinthios
465 1977 601 2037 scribens
630 1977 710 2052 dicit,
728 1976 859 2036 Ecclesia
876 1976 934 2047 Dei,
958 1995 1021 2053 qnae
1034 1985 1076 2038 ast

69 2063 192 2140 Conciti,
205 2074 235 2126 el
243 2066 274 2126 in
285 2067 401 2127 duabus
414 2068 453 2126 ad
462 2067 750 2139 Thessalonicenses,
761 2065 883 2126 ccclesiae
891 2065 1075 2126 Thessaloni-

69 2157 195 2229 coelom
210 2172 280 2215 nam
298 2155 437 2231 quaelihet
455 2154 583 2216 ecclesia
596 2161 642 2214 est
655 2155 686 2213 in
702 2172 760 2214 nna
775 2155 919 2214 aClrristo
931 2154 1074 2227 instituta,

69 2250 89 2301 et
100 2243 122 2302 si
133 2244 162 2303 in
176 2261 212 2305 ea
226 2261 288 2303 non
303 2251 358 2317 est,
376 2242 506 2304 Ecclesia
520 2243 623 2303 christi
639 2243 697 2302 dici
711 2259 771 2302 non
786 2248 884 2318 potest
903 2247 953 2317 (a).
975 2246 1077 2304 Eccle-
1150 2315 1153 2321 ,

69 2331 101 2390 sia
111 2341 152 2392 est
165 2340 272 2394 Sancta
288 2339 350 2392 tum
365 2332 395 2392 in
409 2349 451 2404 ee,
469 2348 538 2392 cum
551 2331 589 2392 eit
608 2348 685 2407 opus
703 2331 835 2392 divinum
848 2330 879 2390 in
892 2349 947 2392 sna
959 2331 1076 2392 institu-

70 2421 135 2482 tione
147 2430 175 2484 et
190 2421 431 2494 conservatione,
445 2421 474 2480 in
490 2422 549 2481 fine
563 2419 763 2490 institutionis,
776 2419 807 2479 in
817 2419 924 2480 madiis
936 2421 974 2480 ad
987 2422 1078 2481 fldem

70 2512 202 2586 ordinatis,
217 2519 281 2572 turn
294 2510 436 2586 religione
450 2527 510 2586 qna
523 2509 687 2569 sanctificat
704 2509 851 2581 homines,
864 2525 932 2568 cum
947 2510 1077 2568 Christus

70 2605 189 2677 passione
203 2622 257 2664 saa
272 2621 339 2664 eam
349 2603 496 2676 ditaverit,
511 2609 545 2662 nt
563 2601 763 2662 sanctificaret
776 2618 831 2677 per
850 2617 938 2661 suum
957 2601 1077 2677 sangui-

69 2707 124 2752 nem
135 2695 287 2770 populum.
301 2696 427 2752 Demnm
444 2690 613 2766 apostolica
627 2696 683 2764 est,
699 2691 770 2765 qnia
784 2708 819 2750 ea
834 2691 900 2766 ipsa
914 2698 969 2763 ast,
986 2705 1076 2766 qaam

69 2783 253 2854 gubernarunt
265 2781 322 2841 ‘sub
336 2786 424 2840 Petro
444 2778 552 2854 Capite,
568 2785 598 2839 et
616 2778 817 2854 praedicarunt
831 2777 964 2854 Apostoli
978 2797 997 2837 a
1011 2777 1077 2853 spi·

70 2870 113 2930 ritn
126 2877 230 2934 Sancto
244 2869 353 2942 edocti,
377 2877 406 2930 at
426 2869 456 2927 in
473 2869 618 2928 mundum
632 2867 806 2927 universum
820 2867 904 2926 missi
915 2867 953 2928 ad
967 2867 1077 2942 praedi-

71 2963 180 3022 eandam
203 2960 396 3036 Evangelinm
410 2956 492 3017 omni
515 2964 670 3030 creaturae,
687 2973 815 3032 quornm
835 2973 1025 3016 successores
1039 2957 1077 3015 ab

71 3050 121 3126 ipso
136 3061 195 3115 lieo
217 3053 314 3126 electi,
336 3058 366 3113 et
383 3050 466 3112 missi
479 3067 534 3127 ρει
554 3066 642 3110 suum
660 3049 690 3108 in
705 3047 793 3109 terris
805 3047 953 3109 vicarium
977 3050 1077 3111 adhuc

71 3143 297 3219 congubernant
312 3146 363 3215 (3).

95 3277 119 3341 {ll
128 3277 202 3331 Joan.
214 3277 309 3343 10,uni
318 3275 443 3328 Salvator
451 3271 563 3342 aiteEpo
572 3287 632 3327 sum
641 3273 739 3326 ostium
749 3274 869 3326 ocium...
881 3271 1003 3339 Eposum
1010 3274 1076 3328 Pas·

73 3348 104 3398 ter
112 3347 215 3404 ὺειιιιι...
227 3354 252 3403 et
261 3348 385 3400 animam
394 3359 559 3412 maompono
567 3358 616 3411 pro
626 3344 797 3408 coibaemeis,
805 3348 830 3397 al
841 3345 910 3398 aliar
918 3359 976 3398 oves
985 3345 1075 3411 Ιιεὺεε,

73 3418 457 3482 apponctamento
468 3418 640 3481 altasopornt
652 3429 695 3468 me
704 3415 879 3481 adducam
890 3429 1078 3472 vocemmeam

74 3492 174 3560 audient,
186 3497 212 3549 el
225 3493 272 3560 flet
284 3504 372 3546 unum
386 3490 462 3556 coilo,
472 3493 497 3544 ei
512 3501 583 3544 aneo
596 3492 697 3556 postor.
707 3515 738 3528 -
752 3487 787 3554 (i)
798 3489 840 3540 Ita
852 3489 973 3542 Ecclesia
985 3490 1078 3544 catho-
