2546 4082
503 241 665 299 „245-

48 361 125 420 rins
138 362 306 435 terminum,
330 349 408 422 intr'a
428 379 520 440 quern
543 361 672 424 debeant
695 364 900 439 concordare3
924 365 1010 426 aliter
1022 365 1090 441 ipse

48 466 117 524 pro
130 467 166 509 ea
182 450 249 510 nce
264 449 354 526 eligit.
371 451 486 512 sivero
504 453 544 510 lta
562 452 751 525 conveniant,
769 459 803 512 ut
820 471 877 529 pro
890 455 1007 516 duabus
1019 463 1090 516 vota

48 537 120 597 sint
140 538 233 614 paria,
248 539 345 616 prima
364 540 430 600 nice
453 541 649 615 repetendum
670 546 716 601 est
738 540 929 615 scrutinium3
951 550 981 603 et
1002 544 1028 604 si
1041 561 1090 604 se·

50 628 160 686 cunda
178 627 243 688 nice
261 628 359 690 adhue
379 629 439 690 sint
451 629 545 706 paria,
570 629 742 690 ordinarius
756 629 786 688 in
804 631 989 705 professione
1008 633 1089 710 eligit

49 714 268 792 antiquiorum.
279 717 378 778 sedin
392 717 474 778 ltalia
483 717 590 778 electio
601 719 635 778 iit
646 724 763 778 tantum
772 718 812 778 ad
827 717 986 780 triennium
994 726 1046 796 (3),
1056 727 1087 782 et

49 821 120 864 non
140 812 239 881 potest
265 807 303 866 ad
325 823 437 867 novum
464 806 626 866 triennium
651 808 765 883 absque
792 811 821 867 S.
842 810 1087 885 congregationis

49 893 174 953 licentia
194 896 289 956 electa
306 894 486 968 confirmari,
508 912 568 971 qua
586 894 704 955 licentia
719 895 913 970 probabiliter
926 898 1024 958 adhuc
1038 906 1085 961 est

51 999 134 1058 opus
147 1001 204 1060 pro
217 984 306 1044 tertio
319 983 448 1044 triennio
461 987 513 1054 (I).
529 983 660 1060 lienique
672 983 826 1044 Abbatissa
842 985 973 1061 legitime
990 988 1087 1066 electa

51 1081 83 1130 et
99 1073 278 1132 confirmata
290 1073 322 1132 iu
335 1072 390 1131 sibi
408 1071 541 1132 subditas
558 1073 696 1133 lloniales
717 1079 897 1149 potestatem
918 1074 1086 1152 assequitur

51 1160 260 1235 domesticam,
272 1171 306 1222 ut
318 1173 364 1222 est
376 1167 541 1239 potestates
557 1161 661 1221 matris
673 1161 704 1220 in
717 1161 802 1235 illias,
813 1161 905 1222 immo
916 1169 947 1221 et
956 1161 1083 1239 civilem,

50 1255 85 1308 ut
110 1257 155 1309 est
168 1257 302 1326 potestas
323 1249 511 1310 oeconomioa
536 1250 729 1326 magistratus
751 1250 845 1310 civilis
863 1250 894 1310 in
913 1249 1009 1328 cives;
1029 1253 1084 1314 sed

49 1339 176 1414 proprie
189 1339 269 1399 dicta
279 1339 484 1416 iurisdictione
498 1347 580 1400 caret
595 1341 646 1411 (ὅ).

83 1493 122 1559 (l)
134 1493 196 1546 Jam
221 1494 319 1548 citatus
340 1495 464 1548 Clemens
479 1495 560 1558 XIII,
573 1493 794 1561 jurisdictionem
808 1495 941 1546 concessit
955 1496 1083 1563 episeopo

52 1563 81 1614 in
95 1567 270 1618 monasteriis
283 1567 363 1618 etiam
378 1567 508 1633 subjectis
525 1565 720 1632 Regularibns,
735 1568 879 1630 quatenns,
893 1570 994 1632 praeter
1010 1569 1082 1634 ragi-

52 1649 116 1687 men
132 1637 278 1699 clausurae,
293 1640 384 1704 posset
392 1636 575 1702 Regularibns
592 1636 745 1703 prohibere,
757 1650 791 1686 ne
803 1636 947 1702 plusquam
958 1638 1041 1690 semel
1054 1639 1083 1690 in

52 1719 123 1758 anno
137 1708 303 1760 monasteria
317 1709 462 1760 visitarent
482 1709 587 1774 absque
606 1708 693 1773 ipsius
714 1707 842 1771 Episcopi
863 1711 1019 1774 praesentia,
1039 1710 1082 1762 vel

53 1778 96 1828 sui
110 1777 245 1845 deleget13
262 1794 296 1832 na
310 1779 415 1844 puellas
426 1780 461 1830 ad
474 1779 598 1829 habitum
614 1778 790 1829 admiIterent
803 1778 906 1843 absque
916 1781 1017 1845 previa
1032 1793 1081 1832 sno

53 1851 176 1900 examine
188 1855 230 1910 ;et
238 1864 273 1902 ne
286 1851 456 1903 abbatissam
468 1850 611 1914 eligerent,
619 1850 675 1900 nisi
688 1848 748 1914 ipso
759 1849 893 1915 episcopo,
907 1851 950 1901 vel
963 1853 1023 1916 ejus
1032 1851 1080 1904 de·

52 1918 143 1985 legato
155 1925 300 1986 praesento,
311 1930 338 1974 et
352 1921 525 1986 presidente.
539 1920 599 1972 Bul.
610 1919 689 1971 Rom.
701 1933 763 1971 nov.
777 1922 840 1970 tom.
854 1920 864 1969 l
880 1934 942 1988 pag.
957 1923 997 1972 73.
1012 1923 1081 1974 Con·

54 1993 135 2043 cessit
144 1995 256 2059 pariter,
264 1998 296 2045 ut
305 1998 397 2058 posset
407 1994 524 2044 rationes
533 1989 938 2060 temporalisadministrationis
948 1994 1078 2046 revidere.

53 2062 122 2118 lbid.
136 2065 179 2115 Ad
195 2064 247 2116 boc
260 2069 350 2116 tamen
367 2065 512 2130 spiscopus
533 2063 616 2115 debet
631 2063 707 2129 prius
723 2062 750 2113 id
766 2077 781 2112 a
796 2062 984 2129 superioribus
1000 2079 1080 2130 regu-

54 2132 156 2186 laribus
178 2138 326 2202 requirere.
342 2137 369 2186 S.
392 2137 474 2199 cong.
500 2135 581 2186 (lonc.
604 2135 633 2185 in
655 2131 808 2185 imanes.
826 2133 857 2184 it
872 2136 943 2198 aug.
960 2135 1030 2198 llil,
1045 2136 1079 2187 nd

54 2203 117 2257 dub.
135 2209 159 2258 5.
172 2235 203 2245 -
219 2210 255 2272 (i)
270 2209 335 2273 Cap.
348 2207 388 2265 ti,
403 2207 436 2258 de
451 2208 531 2258 elect.
550 2207 578 2256 ln
592 2205 656 2257 liin
670 2205 837 2256 abbatissam
848 2205 952 2269 absque
961 2207 987 2257 S.
1001 2207 1079 2258 Sedis

53 2275 251 2342 dispensatione
267 2293 320 2330 non
335 2285 376 2329 est
389 2277 514 2344 allgenda
530 2278 554 2328 l·
567 2276 664 2328 mulier
676 2279 819 2340 corrupte3
837 2277 909 2326 unde
923 2276 1009 2328 llario
1019 2277 1078 2328 Ma-

53 2346 174 2413 gdalena,
196 2350 260 2401 licet
276 2353 339 2415 post
352 2350 554 2402 conversionem
570 2353 674 2410 sancta,
689 2353 716 2398 et
728 2348 881 2398 castissima
899 2347 990 2408 merit,
1007 2349 1079 2400 inter

52 2415 223 2472 Diaconissas
247 2423 357 2473 minime
382 2422 434 2472 tuit
455 2423 587 2486 cooptata.
613 2419 677 2470 Gan.
700 2418 724 2477 i,
742 2432 766 2468 o.
793 2417 832 2480 ll,
846 2417 963 2483 q.'l;2·
984 2419 1077 2484 vidua,

52 2492 113 2554 quia
136 2506 191 2543 non
211 2501 283 2544 recte
304 2497 407 2559 postest
427 2505 488 2543 esse
513 2491 645 2542 hortatrix
658 2489 833 2554 virginitatis.
849 2502 930 2554 quam
945 2491 1006 2554 ipsa
1022 2504 1077 2542 non

52 2564 176 2615 servavit.
191 2564 218 2614 S.
230 2564 311 2629 (long.
328 2565 358 2614 15
367 2562 419 2630 Jul.
434 2562 506 2622 16163
519 2562 544 2612 3⁰
558 2561 684 2612 Monialls
696 2573 813 2612 censura
822 2561 936 2622 daneta,
950 2567 998 2613 aut
1011 2575 1076 2614 voce

52 2631 78 2682 in
102 2634 222 2700 capiiulo
239 2635 354 2699 privata,
373 2635 499 2686 continno
521 2633 636 2694 infirma,
660 2635 688 2682 at
712 2645 840 2696 expresse
867 2645 921 2683 non
944 2632 1076 2697 professa.

52 2703 215 2758 llonacellus
228 2720 257 2771 p.
272 2707 294 2765 1,
309 2709 329 2757 t.
346 2707 382 2770 ll,
397 2707 416 2756 i.
430 2707 470 2769 ii,
482 2719 510 2756 n.
527 2705 573 2764 183
587 2703 615 2754 l·
630 2703 754 2754 Moniulis
767 2715 821 2753 non
838 2702 942 2754 habens
967 2707 1076 2755 aetetem

52 2775 79 2826 lt
96 2791 229 2828 annornm
244 2791 303 2828 cum
321 2783 379 2829 octo
397 2777 476 2830 annis
488 2775 665 2842 prolesslonis
679 2773 854 2825 laudabiliier
867 2777 945 2839 acte,
962 2775 1005 2824 vel
1019 2777 1075 2826 sal·

52 2849 101 2898 tem
117 2849 148 2900 30
162 2863 293 2900 annornm
305 2862 367 2901 cum
386 2849 504 2914 quinquo
526 2846 704 2914 professionis
718 2846 805 2896 annis
821 2845 895 2895 Trid.
912 2859 980 2896 sess.
994 2846 1036 2908 25,
1050 2861 1074 2897 o.

51 2917 72 2979 l,
86 2921 120 2972 da
135 2920 220 2986 regul.
237 2921 286 2971 llic
299 2921 483 2982 observamus,
497 2920 525 2969 in
535 2917 646 2970 dioecesi
661 2917 796 2968 Genuensi
810 2915 941 2968 moniales
954 2930 1008 2968 non
1023 2916 1073 2968 ha-

51 2987 113 3042 bere
123 3005 215 3042 vocem
225 2991 252 3041 in
265 2991 391 3055 capitulo,
405 2991 459 3042 nisi
474 2995 535 3054 post
551 2988 676 3055 quintum
689 2986 864 3051 proiessIonis
880 3000 989 3037 annum.
1004 2987 1072 3052 Syn·

51 3061 116 3112 odus
130 3062 209 3112 dioeo.
225 3061 303 3118 (land.
319 3062 425 3113 Duratii
448 3075 509 3126 cap.
532 3059 573 3118 26,
589 3059 622 3110 de
636 3058 745 3109 monial.
761 3085 792 3094 -
812 3058 847 3123 (3)
868 3057 928 3108 Bul.
950 3057 1074 3122 deposcit

52 3130 169 3198 Gregorii
184 3132 262 3183 XIII.
274 3133 307 3182 In
318 3133 429 3184 dioecesi
442 3145 506 3184 vero
522 3129 659 3183 Genuensi
678 3129 877 3181 abbatissarum
891 3129 1008 3179 officium
1022 3129 1073 3180 du·

52 3206 207 3255 raitentum
220 3203 255 3254 ad
278 3205 427 3256 biennium.
443 3203 537 3268 synod.
562 3203 641 3254 dioec.
664 3201 746 3252 Arc'n.
771 3201 811 3252 De
826 3199 939 3250 Morinis
959 3200 992 3250 de
1015 3214 1072 3252 mo-

51 3275 112 3325 nial.
135 3289 158 3326 o.
173 3277 213 3333 25,
232 3281 258 3326 et
271 3276 315 3326 cit.
332 3274 425 3340 synod.
443 3274 522 3327 card.
537 3275 644 3325 Duratii
657 3273 723 3324 ibid.
736 3272 807 3323 Hine
826 3285 893 3322 usus
907 3270 1030 3334 invaluit,
1043 3275 1074 3323 ut

52 3350 109 3405 post
124 3347 242 3411 primum
260 3346 400 3397 biennIum
412 3346 551 3398 abbatisse
564 3346 650 3411 possit
663 3345 763 3396 iterum
777 3341 840 3407 eligi
857 3342 891 3392 ad
905 3342 978 3393 aliud
994 3343 1072 3393 bien-

52 3415 120 3467 nium
137 3418 240 3484 absque
257 3417 285 3468 S.
299 3417 377 3468 Sedis
399 3417 608 3482 dispensatione,
626 3417 690 3482 qula
712 3420 772 3480 post
790 3415 909 3480 primum
931 3413 1072 3464 biennIum

52 3498 81 3537 ex
94 3491 157 3553 jure
182 3489 264 3541 habet
288 3488 377 3539 adhuc
400 3503 500 3540 annum
522 3487 626 3551 utilem,
641 3501 694 3553 quo
706 3489 813 3553 poterat
825 3485 972 3536 abbatissa>
987 3483 1071 3536 officio

53 3555 164 3627 defungi.
181 3559 243 3611 iam
259 3573 323 3610 vero
344 3559 389 3610 hic
401 3573 488 3610 annus
507 3559 582 3609 utills
607 3558 689 3609 trahit
705 3557 781 3609 adse
795 3557 880 3608 ulium
892 3569 1002 3614 annum,
1017 3568 1071 3620 quo
1169 3594 1172 3600 .

52 3640 81 3680 ex
96 3633 157 3697 jure
185 3631 316 3696 nequibat
327 3631 467 3683 abbatissa
488 3631 517 3681 in
540 3629 626 3683 officio
647 3643 842 3696 perseverare;
859 3631 886 3680 et
899 3628 940 3679 sic
958 3627 987 3679 in
998 3625 1072 3680 diota

903 3715 942 3769 li.
