2490 4088
530 118 688 176 ...120-

99 237 250 310 sacerdos,
265 237 316 314 qui
327 237 441 297 ordinis
456 236 669 314 plenitudinem
688 238 911 315 hebenusque
931 239 1013 300 enim
1031 239 1136 315 maior

99 325 176 386 ordo
183 324 215 386 in
222 341 340 386 summo
349 325 490 386 Pontidoe
497 325 655 402 reperitur,
666 327 763 402 quiad
773 327 954 388 ordinemse
966 327 1135 388 referendo

98 414 279 492 Episcopum
295 431 329 476 se
350 415 489 492 appellat,
508 421 542 475 ut
555 415 587 476 in
603 413 752 492 prooemio
774 416 907 494 Gregorii
925 419 963 476 lll
976 417 1015 476 ad
1042 432 1136 478 suum

99 504 295 568 decretalium
314 521 392 581 opus
410 509 462 578 (Ξ).
477 509 617 566 Summus
629 521 704 566 vero
717 505 892 566 hiemrohiae
910 503 1138 582 jurisdictionis

98 591 211 668 gradus
219 592 346 652 hahetrrr
354 591 385 650 in
394 592 537 653 Pontidce
545 593 688 667 maximo,
702 599 733 652 et
746 593 852 653 Christi
860 592 973 654 vicano
983 593 1013 652 in
1026 593 1136 668 terris,

99 687 374 756 quamseqnuntur
392 681 580 756 Patriarchae,
604 681 760 754 Primates,
778 681 971 759 iletropolitae
990 682 1056 742 sive
1073 687 1137 743 Ar-

99 768 291 846 chiepiscopi,
303 767 452 847 Episcopi,
467 769 592 843 Prolati,
607 775 638 830 et
649 769 786 830 Parochi.

136 857 254 918 Ordinis
266 858 433 919 hierarchia
446 859 545 934 potius
558 859 597 918 ad
608 859 782 943 Theologos,
798 873 888 934 quam
900 857 940 917 ad
952 858 1141 918 Canouistas

100 946 247 1024 pertinet,
262 946 389 1023 proinde
404 953 519 1008 munim
531 963 629 1024 pauca
641 948 673 1006 in
685 948 745 1008 hoc
757 946 890 1008 titulode
900 945 1049 1022 persoma
1059 965 1139 1023 quae

101 1036 140 1095 ad
155 1033 268 1096 ordinis
284 1035 482 1096 hierarchiam
495 1035 675 1111 referuntur,
691 1029 893 1114 subjiciemus,
909 1034 1021 1096 omisso
1041 1037 1140 1111 Epis-

101 1141 190 1201 copo,
204 1125 242 1186 dc
257 1142 317 1202 quo
330 1124 471 1201 copiosor
484 1112 755 1199 redibit‘tractatio,
769 1125 821 1184 ubi
842 1124 881 1185 de
899 1123 1048 1199 personia,
1061 1141 1141 1200 quae

101 1213 140 1274 ad
152 1213 349 1276 hierarchiam
358 1212 573 1289 iurisdictionis
585 1215 767 1289 referuntur,
781 1231 821 1275 eu
832 1214 970 1289 professo
992 1229 1138 1289 agemus,

133 1369 168 1433 (l)
181 1369 248 1434 Gap.
268 1370 290 1432 l,
302 1368 336 1422 de
350 1382 406 1420 sao.
420 1370 495 1420 unct.
511 1393 540 1406 -
558 1367 593 1434 (t)
606 1368 686 1420 Unda
704 1369 869 1434 quicumque
885 1369 1028 1436 episcopus
1041 1369 1140 1422 frater

101 1445 145 1494 est
159 1441 259 1492 summi
281 1441 430 1501 Pontidcis,
453 1441 500 1494 sad
524 1438 568 1492 hic
590 1441 786 1508 primogenitus
807 1445 834 1492 at
850 1444 931 1506 capnt
946 1444 988 1492 ost
1006 1441 1137 1493 omnium

102 1513 301 1578 episcoporum,
315 1515 438 1564 centrum
458 1512 570 1564 unitatis
592 1512 728 1564 univorsa
753 1511 865 1562 familias
879 1516 906 1564 et
924 1512 1069 1575 Ecclesiae,
1084 1513 1139 1564 cui

103 1583 227 1636 Christus
250 1584 403 1649 plenariam
421 1583 495 1634 dedit
515 1585 676 1648 potestatem
699 1582 829 1648 pascendi
850 1596 912 1634 oves
927 1585 954 1634 at
973 1597 1057 1646 agnos
1071 1584 1139 1636 siva

103 1655 132 1704 in
145 1655 294 1706 ministerio
304 1653 415 1717 ordinis,
427 1654 483 1706 sive
495 1654 523 1704 in
536 1654 647 1720 imperio
654 1654 859 1718 jurisdictionis.
868 1653 940 1704 Huic
949 1653 1030 1720 copiti
1039 1655 1141 1706 omnis

103 1726 291 1790 episcopusin
310 1726 437 1778 exercitio
452 1737 510 1776 suta
523 1727 665 1789 potestatis
687 1725 768 1776 dehet
781 1725 901 1787 obedire,
917 1725 1058 1791 eidemque
1081 1726 1138 1778 ad·

103 1795 312 1848 harere.Aliter
322 1796 472 1848 ordinando
479 1801 507 1848 et
520 1796 710 1859 consecrando,
721 1795 859 1848 ordinabit
867 1795 986 1860 quidem,
999 1802 1136 1849 etconse-

103 1867 191 1918 orabit
205 1867 324 1932 puidam,
339 1867 387 1920 sed
400 1866 435 1920 sd
449 1867 556 1920 ruinam
569 1871 597 1920 at
617 1870 741 1931 mortem,
756 1881 810 1920 nou
824 1867 852 1919 in
870 1866 1089 1934 edificationem,
1102 1872 1140 1920 et

104 1939 196 1990 vitam.

140 2137 203 2194 113.
218 2138 288 2194 Post
301 2131 465 2209 Episcopos
479 2133 510 2192 in
523 2132 691 2194 hierarchia
707 2131 831 2207 ordinis,
846 2149 912 2208 quae
933 2132 1030 2193 divina
1044 2133 1135 2194 ordi-

104 2224 224 2284 natione
238 2240 277 2284 ex
287 2222 451 2300 Episcopis,
466 2223 651 2300 Presbyteris
664 2231 694 2282 ot
706 2221 851 2284 ministris
869 2228 986 2282 constat
1006 2224 1057 2296 (l),
1080 2241 1134 2283 se-

104 2318 186 2388 ptem
199 2318 394 2372 numerantur
405 2327 560 2372 sacrorum
573 2311 775 2372 ministrorum
783 2310 914 2384 ordines,
923 2327 1032 2387 nempe
1039 2316 1136 2372 Pres-

103 2400 269 2477 hyteratuS,
289 2401 478 2474 Diaconatus‚
502 2399 745 2472 subdiaconatus,
762 2401 943 2475 Acolytatus,
959 2399 1135 2459 Exorcista-

103 2496 163 2564 tua,
183 2494 366 2562 Lectoratus,
383 2499 413 2548 et
427 2489 609 2562 ostiariatus,
624 2489 676 2565 qui
692 2494 865 2564 supponunt
882 2487 1046 2562 tonsuram,
1060 2505 1136 2564 quae

105 2585 150 2638 est
167 2577 345 2656 praeparatio
360 2577 398 2637 ad
417 2577 546 2638 ordines.
562 2576 652 2637 Primi
665 2584 727 2638 tres
744 2583 814 2636 sunt
828 2576 948 2637 ordines
962 2579 1049 2652 sacri,
1063 2577 1135 2638 sive

104 2668 249 2744 mojorem
263 2666 370 2743 reliqui
383 2667 504 2728 ordines
517 2667 646 2726 minores
662 2651 859 2742 appellantur.

135 2807 171 2874 (l)
184 2807 259 2860 Trid.
274 2819 342 2860 sess.
352 2806 392 2858 23.
410 2819 469 2857 can.
484 2805 509 2856 6.

139 2981 202 3035 lll.
222 2973 459 3050 Presbytoratus,
470 2975 518 3034 vel
533 2972 739 3034 Sacerdotium
752 2972 781 3032 in
798 2971 920 3049 proprio
937 2989 1027 3033 sensu
1038 2984 1134 3035 usur·

103 3071 207 3143 patum
220 3069 265 3123 est
274 3064 349 3123 ordo
360 3079 456 3135 sacer,
467 3079 527 3138 quo
537 3064 689 3122 confertur
700 3066 833 3137 potestas
850 3061 1046 3122 consecrandi
1059 3079 1131 3123 cor·

104 3170 163 3230 pus
175 3159 205 3212 et
223 3150 399 3228 sanguinem
413 3145 482 3210 lesu
501 3150 622 3224 christi,
637 3156 668 3210 et
680 3150 853 3210 absolvendi
868 3151 972 3211 fideles
988 3169 1005 3209 a
1019 3168 1133 3226 pecca-

104 3243 151 3316 tis.
167 3241 221 3314 Qui
234 3242 292 3301 hoc
307 3239 412 3300 ordine
426 3245 495 3298 sunt
513 3239 642 3316 insigniti
656 3239 833 3300 Sacerdotes
853 3241 1049 3316 appellantur,
1063 3245 1132 3302 tum

105 3330 173 3407 quia
184 3337 245 3391 Deo
256 3335 325 3390 sunt
338 3328 515 3401 consecrati,
530 3335 594 3388 tum
608 3328 677 3405 qnia
694 3345 780 3388 sacra
790 3322 913 3388 faciunt.
923 3328 1015 3388 lidem
1024 3331 1132 3404 appel-

103 3423 202 3482 lantur
220 3421 309 3480 etiam
327 3417 507 3494 Presbyteri,
523 3418 604 3492 quod
623 3434 767 3478 nomena
784 3418 980 3494 graecolonte
998 3417 1131 3478 descen-

105 3511 179 3572 dens
190 3509 323 3568 seniores
334 3506 488 3583 siguificat,
500 3523 560 3566 non
570 3507 667 3568 solum
674 3515 799 3584 propter
810 3506 903 3568 aeuds
913 3507 1128 3584 maturitatem,
