2546 4082
290 127 314 156 .
601 199 760 261 ..saa-

193 325 230 395 (l)
243 323 302 379 Hoc
313 325 451 380 decretum
464 339 513 392 per
522 327 663 378 extensum
678 324 792 378 refertur
805 337 822 376 a
835 323 981 376 Benedioto
990 323 1066 386 xlv,
1075 323 1103 373 in
1114 321 1176 373 lust

165 395 218 459 roe,
233 413 261 452 n.
276 397 315 458 93,
331 401 385 450 eta
400 397 510 450 ciraldo
524 398 552 448 in
569 397 608 448 lit.
623 397 657 448 de
675 393 759 462 purif.
775 399 843 461 post.
859 399 930 463 part.
945 424 976 432 —
989 397 1025 461 (2)
1037 395 1107 445 Hinc
1119 406 1175 444 con·

163 471 279 532 fratres,
304 469 346 521 vel
368 483 461 521 eorum
481 469 619 534 capellani
640 469 791 519 immiscere
813 481 843 519 se
863 474 1002 532 nequeunt
1018 467 1046 517 in
1066 467 1109 530 eju

163 541 285 594 ecclesiae
304 541 487 592 functionibus
500 540 581 591 etiam
596 553 651 590 non
663 539 871 606 parochialibus.
879 540 930 590 cit.
940 539 1014 590 decr.
1024 537 1059 588 ad
1073 464 1181 734 d*

164 612 281 664 Possunt
298 614 388 662 tamen
402 612 480 677 juxta
493 624 586 662 eorum
608 614 707 660 statuta
729 610 950 674 congregationes
969 610 1068 669 iacere,
1169 639 1178 654 t

164 682 326 744 interventu,
342 689 370 732 et
384 682 491 733 licentia
503 679 628 742 Paroohi,
638 680 783 731 dummodo
798 695 852 731 non
866 680 1015 744 impediant
1028 677 1114 729 iunct'.
1142 735 1145 742 Ι
1172 713 1178 738 ,

164 757 191 804 et
204 751 295 802 divina
307 751 403 804 cilicia.
414 753 457 803 Ad
467 751 530 802 dub.
543 753 581 802 30.
594 753 638 802 Sio
654 759 770 816 possunt
783 752 892 816 propria
906 751 977 802 bona
989 745 1178 809 administrare,

165 828 192 876 et
209 822 245 874 da
260 823 314 874 illis
334 823 483 888 disponere.
499 823 541 874 Ad
556 823 621 875 dub.
639 823 678 874 at.
701 824 794 887 Neque
817 823 844 872 in
861 822 904 874 bis
920 820 1179 887 congregationibus,

165 894 189 947 si
203 893 341 946 Parochus
355 894 524 956 interveniat,
539 893 648 960 aliquod
665 893 749 944 habet
761 899 862 952 votum,
878 895 984 945 etiamsi
1001 893 1030 943 id
1046 893 1126 944 faciat
1137 902 1178 956 per

166 965 303 1019 Ordinarii
316 966 519 1030 delegationem.
536 966 578 1016 Ad
590 965 656 1016 dub.
668 965 698 1016 32
713 971 740 1016 et
753 965 793 1015 3³.
807 965 990 1016 Nihilominus
997 967 1061 1030 jure
1070 963 1178 1028 particu-

167 1037 218 1090 lari
230 1036 354 1089 dioeoesis
368 1037 554 1098 Bononiensis,
568 1042 595 1088 et
608 1037 759 1088 cannensis
770 1037 798 1088 in
809 1035 1068 1102 Congregationibus
1081 1033 1177 1090 annuis,

166 1109 196 1160 in
211 1109 311 1176 quibus
334 1109 472 1172 eliguntur
491 1108 747 1160 confraternitatum
767 1107 904 1170 officiales,
918 1113 945 1159 et
965 1107 1082 1158 rationes
1101 1103 1178 1156 admi-

167 1181 334 1232 nistrationis
347 1180 506 1237 redduntur,
520 1179 602 1230 debet
615 1179 779 1230 intervenire
789 1178 935 1230 Parochns.
951 1179 1113 1230 Benedictus
1122 1173 1178 1226 XIV

168 1252 196 1302 in
212 1251 256 1302 cit.
271 1251 337 1302 lust.
354 1252 406 1310 105,
421 1263 448 1301 u.
469 1250 522 1300 tet.
539 1254 566 1300 et
580 1250 608 1300 in
622 1249 720 1314 Synod.
737 1249 816 1302 dimo.
832 1250 966 1301 cenitensi
981 1263 1024 1300 on.
1047 1249 1113 1306 1838,
1126 1259 1177 1309 cap.

167 1323 207 1385 25,
221 1323 234 1388 ξ
248 1323 262 1373 3
275 1329 303 1373 et
313 1321 337 1373 8.
355 1349 385 1358 -
399 1322 434 1388 (3)
448 1321 499 1372 cit.
514 1321 587 1373 decr.
601 1321 635 1372 ad
648 1320 713 1372 dub.
728 1321 742 1371 3
756 1327 783 1372 et
796 1322 820 1372 l.
836 1321 990 1373 Notandum
1005 1323 1103 1383 tamen,
1116 1315 1178 1384 quod

167 1394 318 1445 functiones
331 1391 365 1444 ad
378 1393 429 1444 hoc
441 1395 610 1458 propositum
621 1391 704 1443 dividi
719 1397 833 1458 possunt
845 1393 873 1443 in
889 1406 945 1454 eas,
961 1405 1025 1458 quae
1039 1391 1125 1456 adjus
1136 1402 1176 1454 pa·

169 1465 287 1516 rochiele
301 1467 430 1531 spectant,
446 1469 473 1516 et
488 1477 544 1526 eas,
558 1477 620 1529 quae
635 1469 787 1529 congruunt
804 1465 910 1516 muneri
924 1464 1083 1531 parochiali,
1101 1467 1127 1514 et
1138 1471 1177 1512 aas

169 1549 232 1600 qum
250 1535 418 1600 parochiales
438 1549 493 1586 non
516 1540 588 1597 sunt,
603 1535 651 1586 sed
674 1548 747 1587 mere
769 1535 962 1587 Sacerdotales.
983 1536 1068 1586 Primi
1084 1532 1177 1599 generis

170 1610 235 1659 sunt
247 1621 290 1658 ex.
300 1621 340 1671 gr.
348 1606 476 1657 solemnis
486 1605 682 1658 administratio
693 1607 834 1672 Baptismi,
848 1607 1027 1658 Eucharistiae
1038 1607 1065 1657 in
1077 1604 1178 1658 Pascha-

170 1678 328 1740 levistici,
343 1677 640 1740 Extremae-Unctionis,
656 1679 811 1730 assistentia
826 1680 1014 1743 matrimoniis,
1028 1678 1141 1744 exequie
1156 1677 1177 1725 et

170 1751 275 1802 funera.
292 1748 409 1800 Secundi
430 1751 537 1814 generis
556 1754 619 1800 sunt
636 1763 677 1801 ex.
692 1763 731 1814 gr.
749 1750 904 1801 solemnitas
918 1751 1070 1812 Missurum,
1085 1750 1175 1801 divino¹

171 1833 285 1885 rumque
302 1818 460 1878 officiorum,
481 1821 662 1886 expositiones
683 1827 711 1872 et
723 1821 924 1874 benedictiones
942 1837 1005 1873 cum
1019 1822 1177 1873 Sanctissimo

171 1891 354 1949 Sacramento,
369 1892 413 1942 vel
435 1892 521 1944 sacris
535 1892 676 1956 Reliquiis,
693 1893 889 1944 benedictionis
914 1895 997 1945 fontis
1024 1891 1177 1960 baptismalis

171 1962 294 2013 mulieris
308 1964 369 2027 post
382 1966 499 2026 partum,
518 1969 545 2014 et
558 1964 677 2028 publicae
692 1965 887 2028 processiones.
906 1965 991 2016 Tertii
1008 1966 1110 2030 generis
1124 1964 1176 2014 sunt

173 2047 213 2084 ex.
225 2048 265 2098 gr.
276 2034 360 2085 missa
370 2033 486 2099 private,
499 2035 695 2086 administratio
707 2049 792 2086 sacrae
802 2037 1007 2098 communionis,
1018 2035 1176 2102 poenitentiae,

173 2105 294 2156 recitatio
313 2104 441 2156 horarum
458 2107 693 2168 canononicarum,
709 2112 735 2158 et
747 2107 951 2158 benedictiones·
961 2109 1095 2174 simplices
1111 2117 1176 2171 aqua

173 2175 303 2239 lustralis,
314 2176 403 2240 panis,
420 2176 499 2240 ignis.
516 2178 658 2239 seminum,
671 2190 790 2236 ovorum,
802 2184 851 2230 etc.
864 2179 926 2230 lam
940 2193 1004 2230 vero
1019 2175 1115 2246 prima,
1126 2190 1176 2242 per·

173 2247 259 2299 tinent
272 2247 407 2300 exclusive
421 2248 456 2298 ad
471 2249 632 2310 l’aroc'num,
644 2249 725 2300 eiiam
739 2250 767 2300 in
780 2250 921 2302 funeribus
935 2264 1048 2302 suorum
1061 2247 1176 2316 parochia·

172 2333 278 2378 norum,
294 2319 341 2385 qui
355 2319 383 2369 in
396 2319 644 2370 confraternitatum
661 2321 786 2372 oratoriis
800 2322 853 2372 sibi
866 2322 1007 2387 elegerunt
1021 2323 1175 2388 sepulturam.

173 2389 223 2441 cit.
238 2389 312 2440 decr.
328 2389 361 2440 ad
376 2389 441 2440 dub.
451 2390 490 2441 20.
503 2390 633 2441 Similiter
644 2391 768 2442 secundae
783 2398 985 2456 praesumuntur
998 2394 1033 2444 ad
1047 2391 1177 2444 Perochum

172 2461 318 2526 pertinere,
333 2461 385 2512 nisi
400 2474 416 2511 a
429 2462 491 2525 jure
506 2461 585 2512 aliter
599 2462 767 2526 disponatur.
778 2464 876 2514 Tertiae
891 2464 1009 2529 denique
1022 2465 1051 2515 in
1065 2461 1176 2518 Oratoriis

173 2531 422 2584 confraternitatum
442 2531 512 2584 licite
534 2533 611 2596 liunt,
629 2533 681 2584 nisi
701 2535 735 2584 ab
756 2533 899 2586 Ordinario
914 2536 1114 2600 prohibeantur.
1128 2533 1177 2584 Alia

173 2603 254 2668 plura
268 2603 355 2654 videri
369 2608 482 2667 possunt
496 2603 525 2654 in
545 2605 626 2656 citato
643 2604 760 2670 decreto,
781 2612 808 2658 et
823 2607 851 2658 iu
865 2607 1100 2660 constitutionibus
1112 2617 1175 2672 stne-
1191 2609 1192 2614 ’

174 2674 283 2726 delibus
296 2677 427 2742 cujusque
441 2675 576 2727 diaecesis.

210 2881 274 2937 atti.
295 2877 451 2938 Laioorurm
475 2879 736 2940 confraternitates
753 2879 842 2940 uariis
861 2880 1032 2958 privilegiis,
1054 2887 1083 2943 ei
1101 2879 1178 2941 indul·

176 2967 282 3044 gentiis
301 2969 435 3045 plurimis
449 2987 467 3028 a
481 2973 510 3029 S.
529 2970 604 3030 Sede
621 2971 708 3031 ditari
721 2973 827 3046 solent,
842 2977 871 3030 et
885 2971 1001 3046 precise
1014 2968 1179 3048 indulgentiis

178 3057 317 3118 ordinum
340 3057 530 3133 regularium,
552 3060 600 3118 vel
621 3058 811 3135 indulgentiis
831 3061 1177 3132 archiconfraternitaiuu,

178 3147 285 3222 quibus
298 3147 418 3206 fuerunt
432 3153 610 3222 aggregatae.
626 3149 682 3208 Sed
697 3149 814 3208 sodales
830 3148 876 3208 his
896 3150 939 3209 uti
953 3157 1102 3226 nequeunt
1113 3155 1178 3209 auc·

179 3249 268 3310 quam
291 3234 329 3295 ab
352 3237 508 3296 ordinario
533 3235 750 3311 examinentur,
772 3245 802 3298 et
820 3245 887 3314 post
901 3257 1029 3300 examen
1043 3241 1177 3300 intantum

178 3330 304 3398 possunt
314 3323 365 3398 uti,
377 3324 408 3383 in
419 3332 563 3401 quantum
573 3325 726 3386 ordinario
736 3327 831 3387 visum
842 3328 940 3403 fuerit,
949 3334 1050 3388 elnon
1064 3329 1146 3399 ultra(
1159 3330 1175 3398 i.

179 3411 316 3473 Rednere
340 3421 494 3489 nequeunt
520 3414 739 3476 sanctissimum
764 3415 953 3476 Eucharistiae
980 3421 1177 3478 Sacramentum

180 3499 293 3574 absque
306 3500 420 3563 indulto
435 3503 559 3580 speciali
568 3508 596 3564 S.
614 3505 698 3565 Sedis
710 3504 742 3564 in
756 3523 860 3566 eorum
874 3506 1021 3582 oratoriis,
1033 3525 1098 3584 quae
1109 3520 1176 3583 paro·

181 3586 335 3666 cbialibus,
346 3597 398 3651 out
411 3591 599 3666 regularibus
613 3595 753 3657 Ecclesiis
763 3612 825 3658 non
838 3595 1019 3676 snut·unita;
1030 3603 1062 3660 et
1070 3610 1177 3680 praesup·
