2546 4082
523 207 682 266 ..257-

53 327 179 423 posita
192 342 271 403 diota
284 343 433 422 facultate,
445 353 599 424 nequeunt
611 347 675 409 siue
688 349 832 410 ordinarii
848 350 965 412 licemia
982 353 1108 415 sanem·

57 434 193 494 simum
206 437 430 494 Sacramentum
443 437 627 510 venerationi
640 455 793 515 exponere
812 445 863 514 (Ξ).
892 441 1029 502 Similiter
1054 461 1109 504 ne-

131 585 134 590 ,
188 527 199 580 t
222 526 346 582 Crucem
367 523 484 584 deterre
506 524 536 582 in
561 527 803 600 processionibus
815 533 866 603 (3),
886 530 916 588 in
933 531 1060 607 quibus,
1084 532 1109 592 si

58 532 188 708 3³
200 610 310 670 fuerint
321 611 590 684 confraternitates,
605 614 654 674 illa
677 632 796 691 semper
814 619 1042 693 praecedentiam
1055 621 1109 680 ha·

59 689 145 799 bot,
173 715 239 774 quae
261 698 409 798 antiquior
430 706 476 760 est
497 701 528 762 in
551 704 636 777 loco,
651 704 702 764 ubi
729 706 765 765 fit
784 708 949 783 processio,
970 725 1023 768 seu
1043 725 1109 785 quae

62 803 171 865 pmus
192 804 286 847 sacris
302 804 357 847 usa
371 795 416 848 est
432 793 483 862 (l).

103 953 150 1018 (i)
166 952 228 1003 Bul.
252 952 431 1020 &tecumque
456 954 601 1008 Clementis
619 957 695 1008 Vlll.
710 986 741 996 -
756 959 791 1023 (t)
806 959 857 1010 Cit.
873 960 973 1022 decret.
988 960 1016 1010 in
1037 973 1108 1027 resp.

65 1025 111 1077 ad
127 1023 198 1075 dub.
215 1024 246 1074 26
264 1029 291 1076 et
312 1025 351 1074 27.
367 1053 397 1061 —
411 1025 446 1090 (3)
467 1026 555 1078 Edict.
568 1028 715 1080 Clementis
736 1029 777 1081 Xl
793 1030 873 1096 incip.
889 1027 926 1082 Lu
944 1025 1066 1084 Sortito.
1081 1057 1110 1070 -

64 1097 110 1162 (4)
129 1094 195 1146 Bul.
211 1091 336 1162 deposcit
349 1096 483 1160 pastorale
500 1097 623 1164 Gregorii
638 1099 715 1150 xm.

412 1607 613 1688 TITULUS
648 1607 775 1688 XXIV.

392 1846 429 1890 DE
449 1845 574 1890 untionis
591 1845 818 1892 scutuslnsmols.

79 2029 254 2082 Summanu:
269 2028 325 2080 250.
339 2027 476 2078 Deiotarum
494 2025 604 2089 definitio,
618 2029 642 2078 et
657 2027 746 2079 divisio.
760 2055 791 2065 -
807 2028 861 2080 att.
877 2028 945 2090 Quid,
959 2031 982 2080 et
993 2029 1114 2095 quotuplex

113 2102 149 2153 sit
158 2099 273 2150 heresis?
287 2127 317 2138 -
330 2099 385 2149 252.
405 2099 504 2150 Heresis
515 2099 613 2165 suspido
630 2099 717 2165 triplex.
736 2127 763 2136 -
778 2100 834 2150 253.
851 2101 946 2160 Quinum
960 2101 1005 2152 siut
1018 2101 1115 2152 violenta

119 2170 221 2223 lraeresis
232 2170 360 2235 suspicione
378 2170 470 2221 notati?
483 2198 515 2209 -
527 2171 582 2221 2511.
596 2172 719 2236 'tamqnam
730 2171 829 2222 heretici
840 2172 951 2222 hahentur
962 2172 1026 2222 liberi
1037 2185 1114 2222 mura·

115 2247 194 2296 tores.
213 2271 244 2280 -
256 2244 311 2293 255.
324 2241 379 2300 Ques
392 2242 549 2294 heradrorum
562 2241 653 2308 poenae?
665 2270 696 2278 —
709 2243 762 2292 256.
774 2243 878 2296 deretini
890 2248 942 2294 sunt
955 2242 1113 2294 denuntiandi.

115 2345 152 2354 —
169 2315 223 2365 257.
240 2313 360 2372 Quomodo
377 2327 427 2364 eum
449 2313 498 2365 istis
520 2315 550 2365 sit
573 2315 684 2378 permissa
706 2314 897 2368 communicatio?
910 2342 942 2352 -
956 2316 1012 2366 258.
1029 2315 1115 2365 liomru

116 2387 164 2439 ulii
183 2386 347 2450 irregularitate
360 2389 476 2448 notentur,
493 2391 516 2436 et
533 2386 585 2436 libri
598 2385 750 2450 prohibentur.
765 2414 796 2424 -·
809 2387 863 2437 259.
878 2386 945 2446 Quid,
957 2390 979 2436 et
995 2385 1116 2451 quotuplex

115 2459 151 2512 sit
164 2456 279 2508 schisma?
293 2485 323 2494 -
335 2456 390 2508 260.
410 2456 479 2520 Quid,
495 2461 518 2506 et
534 2457 658 2521 quotuplex
671 2456 808 2520 apostasia?
823 2487 849 2495 -
865 2459 920 2509 261.
938 2457 1008 2518 Quid,
1020 2461 1044 2508 et
1056 2471 1113 2521 quo·

115 2529 198 2596 tuplax
212 2527 327 2579 simonia?
345 2554 377 2565 -
395 2529 450 2579 262.
470 2527 525 2586 Dus
545 2528 719 2579 simoniacorum
739 2528 834 2592 poeus‘?
847 2556 878 2566 -
903 2528 958 2580 263.
975 2527 1116 2593 Blasplrexulu

115 2599 185 2667 quid,
197 2604 221 2650 et
233 2598 370 2664 quotuplex?
384 2627 412 2636 -
425 2599 479 2650 sot.
495 2598 641 2663 Sacrilegium
652 2599 715 2664 quid,
728 2602 751 2650 at
763 2599 879 2664 quomodo
900 2598 1073 2650 committetur?
1084 2623 1115 2636 -

114 2673 177 2724 265.
198 2670 343 2735 Sortileqluru
359 2669 474 2736 quomodo
488 2671 518 2722 sit
533 2670 672 2732 denudum,
690 2674 712 2721 et
729 2670 844 2738 quomodo
866 2670 939 2723 soleat
951 2669 1067 2722 committi.
1084 2695 1115 2735 Ι-

115 2743 177 2796 266.
193 2741 249 2802 Duis
260 2742 392 2794 demuma
406 2741 612 2794 erdasiestiaoruu
623 2742 701 2808 iudex.

120 2906 190 2964 nto.
210 2901 411 2975 promotione,
436 2908 467 2961 et
491 2902 587 2978 madri
609 2900 791 2962 clericormu
817 2901 948 2977 cognito,
971 2916 1048 2976 opus
1069 2905 1115 2960 cst

84 2991 242 3069 inquirere
255 2989 362 3066 quibus
376 2990 484 3065 causis,
505 2997 535 3051 et
550 2991 655 3067 quibus
671 2989 768 3049 modis
780 2997 939 3065 utrumque
953 2989 1112 3049 amittatur.

86 3087 194 3142 Causae
203 3078 373 3154 huiusmodi
382 3086 451 3139 sunt
459 3079 565 3141 delicta
578 3097 595 3139 a
608 3077 726 3140 clericis
738 3079 910 3152 commissa3
923 3077 1115 3138 mediantem

88 3176 163 3231 sunt
176 3186 276 3245 poeuae
291 3169 395 3245 ajuro,
409 3159 460 3229 ant
473 3168 511 3228 ab
525 3168 645 3228 homine
659 3167 786 3227 inssietae.

124 3259 272 3320 Delictum
296 3258 327 3316 iu
348 3274 459 3333 genere
480 3257 620 3318 definitur
635 3275 653 3316 a
668 3257 854 3329 Ductoribus
870 3255 1043 3328 commissio,
1057 3255 1116 3314 sive

90 3346 212 3407 ommate
226 3353 349 3406 esterna
360 3346 426 3406 dolo
436 3349 516 3422 sarto
526 3353 632 3406 contre
646 3346 736 3422 lepem
746 3347 889 3422 aspectam
899 3345 1013 3422 aliquid
1024 3345 1116 3420 impe·

90 3443 222 3508 rectem,
231 3441 285 3494 ant
295 3434 497 3510 prohibentem
509 3435 562 3495 sat
570 3453 668 3512 poerra.
683 3434 793 3494 Dicitur
806 3442 937 3504 esterna,
952 3432 1066 3509 quiade
1076 3433 1117 3492 in·

90 3524 186 3586 ternis
200 3540 261 3583 nou
275 3523 388 3598 judicat
407 3525 547 3598 Ecclesia,
569 3531 600 3585 et
621 3523 689 3600 quia
713 3522 899 3601 cogitationis
915 3524 963 3582 vel
977 3521 1117 3583 desiderii

92 3629 216 3689 poenam
231 3629 321 3673 nemo
334 3613 449 3690 cogitur
466 3614 497 3674 iu
515 3620 641 3675 externo
664 3614 731 3674 toro
753 3613 909 3674 sustinere.
924 3610 1035 3672 Dicitur
1049 3611 1115 3672 doto
