2468 4090
480 253 640 312 ..223-

35 372 67 432 in
85 371 285 448 admissione,
307 370 495 450 probatione,
521 372 674 445 novitiatu,
690 374 886 450 professione,
901 377 932 435 et
944 371 1009 434 aliis
1020 386 1070 436 ra·

35 463 170 521 formate
188 461 253 522 fuit.
276 462 391 522 Etenim
413 465 475 538 iam
499 461 628 522 vidimus
652 462 875 523 immutationes
895 463 1073 523 inductasa

37 567 135 627 supra
150 551 293 627 expositis
305 551 447 624 decretis3
457 558 487 612 et
501 552 531 609 in
545 551 667 611 decreto
680 551 730 612 hic
741 552 831 612 citato
845 551 992 625 statuitur,
1003 558 1073 629 post

41 639 222 699 novitiarum
233 657 322 716 posse
337 639 430 700 emitti
441 645 557 700 tantum
568 645 638 698 vota
648 639 802 716 simplicia,
816 649 845 699 et
856 641 1072 715 professionem

36 735 183 789 votorum
197 729 376 790 solemnium
389 746 451 789 non
466 745 556 806 posse
570 727 635 788 fleri
649 729 705 788 nisi
725 737 793 805 post
811 729 969 789 triennium
987 747 1004 788 a
1024 730 1072 790 die

37 817 222 877 emissorum
234 825 375 877 votorum
390 818 578 894 simplicium.
596 821 817 894 consequenter
837 818 895 878 hoc
911 819 979 894 jure
993 816 1072 878 illico

38 913 109 982 post
121 905 299 966 novitiatum
309 924 379 966 vera
390 907 536 983 professio
545 905 682 982 religiosa
698 923 767 967 cum
780 907 918 966 omnibus
928 905 990 965 suis
1000 907 1072 966 efle-

40 995 152 1070 ctibus‚
168 1012 228 1056 non
243 995 398 1069 emittitur,
412 1002 441 1056 et
453 995 520 1055 ideo
533 995 694 1056 Tridentini
706 995 860 1071 dispositio
873 995 953 1055 eirca
964 1012 1070 1055 renun·
1145 1042 1149 1051 .

39 1083 188 1144 eiationes
202 1084 241 1143 ad
255 1085 333 1144 duos
347 1085 468 1144 ultimos
481 1099 601 1144 menses
614 1084 685 1143 novi
697 1083 815 1144 triennii
826 1090 895 1144 ante
908 1084 1073 1144 solemnem

40 1171 262 1246 professionem
287 1174 427 1232 translata
447 1178 503 1232 est.
527 1179 589 1233 lloc
607 1173 800 1232 confirmatur
814 1189 852 1232 ex
867 1172 924 1231 alio
938 1173 1073 1248 ejusdem

42 1263 69 1318 S.
86 1259 333 1336 congregationis
347 1260 469 1320 decreto
484 1259 540 1320 diei
554 1265 589 1320 l'l
601 1260 667 1321 Julii
681 1267 761 1336 1858,
774 1261 805 1320 in
817 1279 878 1338 quo
892 1261 1071 1336 declaratur,

41 1350 211 1424 professum
223 1356 364 1409 votorum
377 1349 555 1426 simplicium
568 1350 699 1410 retinere
712 1367 803 1426 posse
816 1347 980 1410 dominium
994 1348 1073 1410 radi·

44 1439 106 1497 eale
127 1438 278 1498 bonorum
302 1455 436 1513 suorum,
459 1437 528 1499 licet
551 1455 657 1500 eorum
675 1437 892 1499 administratio
913 1437 941 1498 ei
959 1437 1073 1498 adima-

45 1529 93 1584 tur
108 1529 162 1601 (3).

74 1664 111 1730 (l)
125 1665 202 1717 Trid.
217 1665 268 1718 loc.
285 1665 332 1717 eit.
342 1693 373 1704 -
387 1665 422 1730 (i)
436 1666 476 1718 De
489 1665 562 1718 Luca
576 1667 667 1718 annot.
685 1666 720 1718 ad
738 1666 814 1718 Trid.
829 1666 896 1718 dise.
910 1665 950 1717 to,
964 1663 1074 1716 Richeri

47 1737 110 1787 tom.
126 1737 151 1799 2,
167 1737 228 1788 fur.
244 1741 318 1787 univ.
334 1735 346 1801 ἣ
363 1737 433 1788 4973.
447 1765 478 1774 -
491 1737 526 1802 (3)
543 1738 601 1789 Hoc
614 1739 752 1789 decretum
767 1738 827 1789 haec
841 1737 924 1790 hahet
938 1737 989 1788 suh
999 1751 1027 1787 n.
1041 1737 1073 1788 9:

48 1824 58 1852 ι
75 1807 199 1859 Professi
213 1811 337 1858 votorum
352 1807 516 1873 simplicium
526 1809 674 1859 dominium
689 1808 816 1872 radicale,
825 1813 856 1859 ut
865 1809 949 1870 aium,
964 1821 1076 1860 suorum

48 1894 58 1922 ι
76 1877 213 1930 bonorum
236 1878 352 1929 retinere
371 1881 516 1943 poterunt;
531 1880 578 1930 sed
593 1880 633 1931 eis
646 1879 753 1931 omnino
771 1879 915 1931 interdicta
929 1883 970 1930 est
982 1892 1076 1930 eorum

48 1965 59 1992 ι
76 1949 299 2010 administratio,
314 1953 341 2000 et
354 1950 490 2001 redituum
500 1952 626 2015 erogatio,
637 1954 717 2016 etque
730 1964 805 2002 usus.
820 1951 927 2001 Debent
935 1955 1078 2015 propterea

49 2037 59 2065 ι
76 2027 139 2072 ante
152 2021 348 2084 professionem
359 2026 481 2071 votorum
492 2021 654 2088 simplicium
667 2021 762 2073 cedere
775 2035 824 2087 pro
838 2024 967 2086 tempore,
980 2034 1033 2086 quo
1048 2021 1075 2070 in

48 2108 59 2136 ι
75 2093 171 2142 eadem
187 2095 310 2143 votorum
325 2092 489 2156 simplicium
499 2093 667 2159 professione
679 2091 886 2157 permanserint,
899 2092 1073 2143 administra-

50 2177 59 2207 ι
76 2163 186 2227 tionem,
203 2164 412 2223 usumfructum,
428 2167 455 2214 et
468 2177 557 2226 nsum,
569 2165 668 2229 quibus
680 2164 720 2215 eis
734 2163 877 2228 placuerit,
888 2177 920 2214 ac
930 2163 1011 2214 etiam
1025 2175 1074 2214 suo

48 2251 58 2279 ι
76 2234 181 2300 Ordini,
194 2235 217 2286 si
230 2236 269 2286 ita
282 2249 331 2300 pre
348 2248 441 2287 eorum
455 2234 543 2287 lubitu
560 2235 782 2287 existimaverint.
800 2251 810 2280 i

80 2399 143 2454 als.
166 2398 237 2453 Post
248 2400 407 2470 peractum
419 2392 598 2454 novitiatnm
618 2409 684 2476 quae
702 2393 875 2470 peragenda
894 2393 962 2468 sint,
984 2397 1018 2452 ut
1038 2391 1078 2452 ad

48 2483 260 2555 professionem
272 2483 324 2542 fiat
337 2483 489 2557 transitus,
506 2484 587 2543 nullo
602 2481 718 2541 meliori
732 2483 825 2542 modo
840 2499 1073 2557 exponerepos-

49 2585 159 2645 sumus,
175 2570 253 2630 dicto
265 2571 333 2646 jure
346 2571 508 2630 novissimo
525 2576 654 2644 servato,
676 2586 767 2645 quam
787 2576 903 2630 textum
925 2570 1077 2630 afferendo

49 2659 189 2732 praecitati
203 2658 315 2719 decreti
329 2663 380 2733 (f),
395 2660 425 2718 in
442 2677 502 2736 quo
516 2659 665 2732 statuitur,
673 2665 707 2717 ut
715 2657 744 2716 in
760 2659 842 2718 ltalia
856 2657 1018 2734 insulisque
1027 2660 1076 2719 ad·

47 2747 209 2820 iacentibus
229 2747 417 2808 Pronnoiats
438 2773 452 2799 «
468 2747 634 2822 Capitulum
644 2749 840 2808 conventuale
854 2747 988 2822 ejusdem
1002 2763 1075 2806 oon·

52 2844 199 2910 «ventus
224 2853 278 2896 seu
301 2837 407 2896 domus
431 2842 586 2910 convocet,
611 2843 644 2896 ut
673 2836 853 2912 capitulares
880 2853 934 2910 per
960 2841 1077 2896 secrete

51 2948 64 2974 «
82 2926 224 3001 suffragia
251 2925 412 2998 declarent,
442 2943 480 2984 an
506 2924 635 2984 novitius
657 2925 697 2984 ad
721 2924 937 3000 professionem
960 2923 1077 2984 admitti

53 3038 65 3063 α
81 3014 184 3091 possit.
200 3013 311 3074 Deinde
324 3013 458 3074 omnium
468 3021 613 3086 actorum,
629 3020 659 3074 et
672 3013 880 3074 resultantium
893 3012 1076 3073 relationem

52 3126 64 3153 «
83 3103 195 3180 scripto
210 3109 362 3163 exaratam
382 3103 503 3178 propria
515 3120 605 3163 manu
617 3101 793 3177 subscribat,
810 3100 880 3178 quin
897 3108 1075 3176 samoneos,

54 3193 132 3268 «qui
155 3197 274 3250 secreto
295 3190 495 3267 deposuerint,
519 3190 694 3251 ullomodo
718 3191 748 3249 in
774 3189 895 3266 aliquod
918 3189 1078 3250 discrimen

53 3282 221 3340 «adducat.
250 3279 422 3354 lluJ'usmodi
442 3280 616 3340 relationem
638 3277 829 3340 provincialis
851 3279 949 3339 tribus
971 3281 1076 3344 saltem

55 3393 67 3419 α
84 3367 337 3429 examinatoribus
355 3367 585 3445 provincialibus
603 3369 813 3441 communicet,
829 3375 859 3428 et
871 3367 1014 3427 condicto
1028 3366 1075 3427 die

55 3481 66 3506 r
83 3462 232 3518 convocet
245 3457 384 3530 praefatos
399 3457 629 3531 examinatores,
650 3463 680 3516 et
693 3457 875 3516 novitiorum
893 3455 1073 3531 Magistrum,

56 3568 67 3594 α
84 3555 112 3606 et
128 3543 263 3623 praestito
278 3545 318 3604 ab
330 3545 467 3605 omnibus
481 3545 618 3621 superius
638 3545 798 3606 enunciata
816 3548 997 3623 juramento,
1018 3549 1075 3605 lla-

56 3635 177 3710 «gister
190 3632 370 3695 novitiorum
383 3635 492 3695 referat
511 3637 549 3706 de
568 3634 673 3695 novitii
692 3634 800 3711 agendi
819 3634 979 3696 rationein
992 3633 1076 3695 nori-
