2566 4102
571 198 714 254 ..μ-

136 325 273 390 tamquam
285 334 351 388 pars
362 321 433 388 iuris
444 320 593 373 communis
602 320 723 373 canonici
738 339 745 370 z
758 319 830 372 unde
843 317 969 372 citatura
982 319 1161 385 Doctoribus,

136 395 307 459 etallegatur
328 393 356 444 in
375 391 486 456 iudiciis
507 392 589 444 veluti
607 394 653 458 jus
675 393 862 450 constitutum
878 396 905 442 et
918 392 1088 454 concludunt,
1104 392 1164 444 boc

136 466 290 528 Decretum,
304 463 376 530 quod
389 463 472 514 babet
484 464 615 528 originem
630 463 771 529 privatam,
792 476 825 514 ex
842 476 904 525 usu,
920 466 948 514 et
961 463 1165 516 consuetudine

136 550 186 603 per
200 536 279 602 plura
291 535 391 586 secula
404 548 543 602 nunquam
552 535 710 599 interrupta,
720 534 775 584 vim
788 532 937 585 obtinuisse
951 533 1051 586 codicis
1064 534 1166 599 legum

136 606 245 672 publica
265 605 423 658 auctoritate
437 606 542 656 muniti.
558 607 595 657 At
608 606 647 658 sic
662 605 856 672 respondemus
872 625 878 656 =
894 605 917 656 l·
930 605 990 656 Non
1004 608 1111 658 constat
1126 605 1165 658 de

136 677 329 744 approbatione
341 677 455 742 Eugeuii
469 677 521 740 Ill,
536 690 607 742 quae,
630 676 654 728 si
675 689 740 728 vern
758 677 864 740 luisset,
888 676 940 741 ipsi
954 677 1068 728 Decreto
1082 681 1165 728 certo

136 749 237 801 certius
250 750 347 800 luisset
359 749 470 812 inserta,
480 749 545 798 dum
558 748 587 799 in
598 747 675 800 nulla
684 749 743 812 ejus
757 747 872 799 editione
885 748 1043 814 comparuit.
1055 749 1080 798 ΙΙ
1090 747 1166 798 Gre-

136 821 228 888 gorius
244 821 272 871 in
286 821 367 872 citata
379 819 456 872 bulla
469 820 613 871 Decretum
628 819 737 871 exhibet
750 822 910 882 correctum,
925 823 952 870 et
961 821 1041 883 vetat,
1051 832 1084 872 nc
1096 817 1161 870 cui·

135 904 218 956 qaam
228 891 306 944 licem
321 890 406 944 adem
422 891 498 958 operi
509 889 657 958 quidquam
669 889 776 953 addere,
788 890 830 942 cel
838 891 994 953 inimotara,
1009 893 1056 944 ant
1070 889 1162 943 inler-

34 995 37 1000 -
135 966 249 1025 catere,
271 962 380 1015 animoa
398 962 643 1028 interpretamenta
667 961 830 1028 adjungere·
853 961 901 1013 sed
921 974 1046 1026 expresse
1066 963 1164 1026 ipsum

135 1047 205 1099 opus
221 1047 276 1086 nou
297 1033 439 1101 approbat,
459 1047 510 1084 nec
530 1032 714 1084 authenticum
727 1032 854 1084 declarat.
867 1033 892 1082 3⁰
905 1033 979 1085 Usus
993 1033 1162 1096 scholarum,

135 1105 228 1158 ctiori
246 1109 335 1169 operis
358 1105 542 1170 praestantiam
560 1104 729 1156 commendat
751 1107 865 1169 propter
886 1117 1018 1155 summam
1037 1105 1164 1156 virorum

136 1177 366 1240 documentorum,
379 1189 441 1242 qum
454 1175 580 1236 continet,
594 1179 621 1226 et
634 1179 746 1240 propter
766 1174 920 1237 utilitatem,
940 1188 1002 1240 quae
1022 1189 1055 1227 ex
1072 1175 1162 1226 docu-

136 1249 234 1299 mentis
253 1248 334 1298 eliam
357 1247 444 1312 falsis,
466 1259 516 1311 pro
540 1246 638 1298 talibus
658 1251 748 1297 tamen
774 1259 829 1296 non
847 1245 955 1310 agnitis,
976 1246 1040 1297 oriri
1060 1249 1162 1313 potest

136 1319 162 1371 l·
172 1319 239 1383 Usu,
251 1321 278 1370 et
287 1318 481 1370 consuetudine
495 1318 553 1370 lieri
566 1317 674 1382 quidem
691 1320 787 1382 potest,
799 1320 829 1367 ut
839 1317 949 1382 aliquod
962 1321 1042 1383 ceput
1052 1317 1164 1368 Decreti

137 1390 217 1441 etiam
231 1389 390 1441 mendosum
403 1389 470 1452 legis
485 1389 607 1454 acquirat
622 1387 790 1446 firmitatem
801 1387 849 1439 sed
861 1388 920 1438 haeo
928 1387 1048 1439 inductio
1058 1387 1091 1438 ad
1103 1389 1164 1439 ulia

137 1461 226 1526 capita
239 1461 347 1512 extendi
361 1459 464 1528 nequit,
480 1459 544 1524 quin
555 1459 721 1511 consuetudo
736 1458 808 1511 cadit
822 1458 851 1508 in
865 1458 943 1510 iactis
958 1458 1084 1524 legitimis
1097 1472 1164 1508 con·

137 1532 287 1584 ditionibus
299 1531 417 1595 vallatis,
433 1544 488 1583 non
501 1543 566 1582 vero
585 1531 613 1582 iu
633 1530 774 1584 erroribus
795 1529 824 1582 in
845 1529 934 1583 locum
947 1529 1068 1582 veritatis
1082 1529 1162 1582 sufli-

138 1602 252 1655 ciendis.

172 1767 217 1822 ll.
237 1763 405 1822 decretales
424 1759 556 1836 Gregorii
573 1763 619 1833 lli,
642 1759 707 1835 ipso
726 1759 901 1834 mandante,
922 1775 1015 1834 opera
1032 1764 1060 1820 S.
1081 1764 1166 1838 Ray-

136 1851 241 1912 mundi
265 1851 303 1910 de
324 1851 502 1923 Pennaiort,
527 1865 568 1909 ex
592 1847 667 1922 suis,
693 1849 878 1924 aliorumque
900 1854 969 1924 post
991 1849 1166 1911 Gratianum

137 1957 322 2000 summorum
343 1939 517 1998 Pontificum
540 1937 742 1998 Decretalibus
765 1937 907 2014 epistolis,
935 1943 965 1996 et
989 1956 1028 1998 ex
1047 1939 1110 1998 aliis
1131 1944 1163 2001 S.

139 2029 306 2090 canonibus
328 2029 490 2102 adornata,
506 2034 536 2089 et
556 2044 636 2087 anno
653 2031 724 2088 leel
738 2028 891 2102 evulgatae,
908 2026 970 2086 vim
984 2034 1014 2088 et
1031 2029 1164 2088 auctori-

137 2125 229 2182 tatem
244 2118 317 2194 legis
336 2116 510 2178 universalis
527 2117 638 2176 habent
654 2136 660 2175 ε
676 2133 746 2176 nam
764 2117 828 2192 ipse
848 2117 1006 2192 Gregorius
1023 2117 1096 2178 alios
1110 2135 1165 2177 ca-

138 2225 242 2280 nones
261 2214 290 2267 et
310 2206 480 2266 decretales
493 2205 524 2265 in
538 2207 595 2265 hac
615 2222 670 2264 sua
688 2205 896 2281 compilatione
918 2212 1072 2266 contentas
1091 2223 1166 2267 suas

137 2297 217 2370 iecit,
234 2302 263 2356 et
281 2295 343 2356 suis
357 2294 535 2371 exaequavit,
550 2295 591 2354 ita
606 2300 639 2354 ut
652 2292 756 2354 iisdem
773 2293 904 2354 universi
917 2302 979 2356 tam
992 2295 1022 2354 in
1031 2295 1164 2372 judiciiS,

138 2403 229 2462 quam
242 2385 272 2444 in
290 2385 399 2444 scholis
416 2402 501 2460 aeque
516 2384 568 2459 uti,
584 2390 613 2444 et
633 2384 840 2459 obtemperare
854 2384 999 2444 deberent
1013 2390 1062 2458 (l).
1079 2386 1166 2446 Unde

138 2475 186 2536 hic
210 2474 324 2551 primus
347 2481 393 2534 est
415 2475 515 2550 legum
538 2471 759 2534 pontificiarum
783 2473 881 2533 codex
907 2473 1108 2545 authenticae,
1132 2482 1166 2535 et

138 2565 305 2641 apostolica
321 2563 496 2624 auctoritate
517 2563 659 2636 munitus,
684 2560 733 2622 cui
752 2561 854 2622 titulus
876 2581 883 2622 :
904 2563 1101 2623 Decretolirnn
1123 2564 1163 2626 D.

140 2653 270 2730 Gregorii
286 2654 373 2730 Papa
390 2652 431 2712 lll
445 2653 621 2728 compilatio.
644 2651 696 2711 llic
712 2652 810 2712 codex
830 2653 961 2728 quinque
985 2659 1103 2712 constat
1126 2654 1164 2714 li-

138 2743 211 2818 briS,
226 2749 255 2802 et
268 2741 335 2802 libri
346 2741 563 2802 distribuuntur
578 2739 734 2815 intitules
750 2749 780 2801 et
793 2741 869 2826 tituli
881 2741 911 2801 in
926 2741 1022 2818 capita
1038 2746 1048 2814 (
1068 2747 1089 2815 ).

168 2869 205 2934 (l)
219 2868 280 2919 Bul.
299 2867 352 2920 Rea
370 2868 497 2934 pacificus
510 2867 621 2918 editioni
642 2867 825 2918 Decretnlium
844 2867 966 2932 praeiixa.
984 2867 1059 2919 Sicut
1076 2867 1163 2919 lusti-

140 2953 207 2991 anus
222 2940 369 3004 imperator
383 2953 416 2990 ex
434 2939 652 3004 praecedentibus
667 2938 805 2989 codicibus
822 2939 996 3003 Gregoriano,
1014 2939 1165 3003 Hermoge-

139 3013 229 3073 niano,
245 3016 271 3062 et
281 3011 466 3062 Theodosiano
481 3024 559 3062 suum
573 3009 661 3060 ellecit
675 3010 764 3074 legum
779 3023 888 3076 corpus,
904 3011 943 3062 sic
961 3009 1106 3075 Gregorius
1122 3012 1166 3064 lX

140 3097 204 3136 suas
224 3083 365 3134 adornavit
380 3082 533 3132 Decretales
547 3095 579 3131 ex
592 3083 711 3146 quinque
731 3081 948 3146 praecedentibus
962 3095 1093 3132 canonum
1107 3083 1164 3133 ool-

140 3154 310 3214 lectionibus‚
328 3166 442 3218 quarum
457 3153 545 3216 prima
562 3157 588 3202 et
600 3153 745 3203 notabilior
755 3156 818 3222 post
833 3151 990 3203 Gratianum
1005 3153 1075 3204 lacta
1088 3155 1139 3204 fuit
1149 3170 1167 3207 a

139 3223 278 3276 Bernardc
293 3223 419 3292 papiensi
442 3236 512 3274 anno
531 3222 592 3272 lieo
614 3229 641 3274 et
657 3221 970 3287 inscriplaBreoiorium
983 3227 1165 3290 intraveran-

141 3295 220 3358 iiam,
235 3297 298 3361 quia
308 3293 462 3346 Decrelales
477 3294 643 3346 ibicollectae
658 3295 825 3359 vagabantur
846 3299 923 3346 extra
937 3295 1080 3346 Decretum
1096 3295 1168 3348 Gra-

140 3367 216 3430 tiani,
230 3381 309 3432 aqua
323 3368 382 3432 ipsa
397 3364 552 3431 Gregorius,
567 3365 624 3416 sive
638 3367 813 3430 Raymundus
827 3366 949 3428 sormam,
965 3371 991 3418 et
1005 3366 1168 3422 divisionem

142 3439 232 3506 operis
245 3439 403 3506 desumpsit.
417 3437 534 3504 Phillips
551 3436 583 3485 do
600 3437 663 3487 iont.
673 3439 731 3502 jur.
746 3437 812 3488 eccl.
827 3439 839 3501 ἕ
852 3439 889 3501 ΙΙ,
903 3441 999 3503 etseq.
1016 3466 1043 3474 -
1058 3439 1093 3504 (Ι)
1107 3439 1167 3492 Ma·

140 3511 218 3569 teria,
235 3524 296 3575 quae
306 3511 334 3560 in
346 3511 388 3559 bis
399 3510 477 3560 libris
493 3509 587 3560 ordine
602 3510 753 3560 successive
763 3513 902 3573 tractatur,
915 3509 1057 3560 exhibetur
1070 3511 1168 3566 abhoc

141 3582 298 3636 versiculo:
319 3579 580 3646 increduiitatem,
602 3578 702 3645 Oleros,
727 3578 874 3648 Cannutio,
901 3579 1017 3640 Orimen.
1043 3583 1167 3640 Ganonea
