2546 4082
633 221 790 280 ..304-

207 343 414 420 emptoriatl);
429 340 617 420 aliterjtrdex
629 359 691 404 non
700 342 864 420 Episcopus
879 355 1038 402 censuram
1054 341 1146 400 terens
1161 353 1205 414 per

207 447 341 494 mensem
363 437 464 492 menet
485 433 523 492 ab
544 432 681 508 ingressu
700 431 729 490 in
753 429 915 492 Ecclesiam
937 430 1003 507 ipso
1017 431 1083 506 jure
1102 427 1205 488 interdi-

207 528 273 582 ctus
287 526 339 595 (ὅ)
353 525 384 580 3⁰
397 521 485 582 debet
498 520 626 598 proferri
641 523 672 580 in
686 520 803 598 scriptis
817 536 887 580 cum
903 519 1101 580 declaratione
1112 533 1202 588 cause,

206 625 335 686 qnorum
356 609 527 686 exemplum
548 626 601 670 reo
624 610 803 671 tradendum
824 615 890 684 est;
906 609 991 670 aliter
1007 607 1112 668 eodem
1129 605 1203 668 modo

205 704 306 759 manet
315 698 410 775 jndex
422 696 580 760 interdicto
593 699 701 776 ligutrrs
714 703 765 773 (6).

235 853 271 920 (ί)
284 855 348 921 Cap.
366 855 390 916 2,
401 856 435 909 de
451 859 519 910 sent.
535 870 636 908 excom.
653 883 681 894 -
697 853 733 920 (2)
746 854 819 906 Sess.
833 854 873 914 25,
886 867 909 905 c.
924 853 946 913 3,
965 852 1001 906 de
1015 852 1063 904 rel.
1081 879 1112 891 -
1123 850 1154 915 (3)
1161 849 1200 899 Ba-

203 927 327 978 nedictus
341 927 415 987 xlv.
430 943 477 994 pro
492 926 767 980 excommunicatione
783 925 901 978 lerendee
914 925 1065 986 sententies,
1087 935 1144 990 que
1162 933 1201 984 ap·

203 997 322 1063 pellatur
338 999 548 1060 comminatoria,
562 997 675 1064 requirit
694 998 795 1048 crimen
815 1010 898 1062 prom
916 999 940 1049 et
957 1007 1078 1059 enorme·
1094 998 1120 1044 et
1137 991 1205 1043 madio

203 1069 314 1134 pravius
335 1074 360 1124 et
380 1069 565 1134 execrabilius,
581 1082 630 1133 pro
645 1068 919 1120 excommunicatione
938 1067 1000 1118 letae
1017 1064 1161 1118 sententie.
1174 1063 1208 1112 De

204 1139 303 1204 synod.
322 1141 341 1193 l.
359 1141 396 1200 10.
411 1155 434 1194 c.
451 1143 473 1206 l,
488 1155 517 1192 n.
535 1141 558 1192 3.
578 1139 646 1192 Cum
662 1146 752 1192 eutem
770 1139 899 1191 delictum
915 1139 1013 1190 debeat
1028 1151 1089 1188 esse
1102 1147 1208 1187 consum·

203 1215 306 1261 matum
320 1211 451 1276 sequitur,
461 1224 604 1263 censuram
613 1224 666 1261 non
681 1210 827 1273 incurrere,
838 1211 885 1276 qui
898 1223 966 1274 opus
981 1207 1145 1274 prohibitum
1158 1210 1207 1256 ten·

206 1281 310 1341 laverit,
328 1288 355 1333 et
368 1296 422 1334 nou
437 1282 587 1346 perfecerit.
604 1308 633 1319 -
649 1281 686 1346 (l)
699 1281 757 1332 Hoc
775 1294 870 1333 verum
886 1286 928 1332 est
939 1281 972 1332 de
990 1292 1105 1332 censura
1116 1278 1166 1329 lete
1179 1277 1207 1328 alr

204 1350 334 1404 homine:
351 1368 414 1405 uem
431 1367 546 1404 censure
560 1352 642 1404 letan
659 1355 722 1417 jure
738 1365 791 1403 non
807 1352 910 1416 indiget
924 1351 1080 1415 monitione,
1101 1350 1160 1416 quie
1172 1349 1210 1400 lex

204 1421 265 1486 ipsa
279 1425 405 1476 continuo
421 1429 520 1475 monet.
541 1423 599 1474 Hoc
619 1436 685 1474 casu
700 1423 874 1474 monitionem
890 1423 999 1488 supplet
1012 1423 1111 1480 citatio,
1124 1430 1153 1472 ut
1165 1420 1208 1470 cri-

203 1493 333 1557 minosus,
351 1496 395 1548 vel
409 1500 549 1560 suspectus
566 1494 599 1546 de
612 1494 733 1558 crimine,
747 1495 790 1544 cni
805 1493 909 1545 adnexa
929 1496 970 1544 est
988 1506 1101 1544 censura
1114 1504 1209 1557 compa-

204 1568 262 1616 reat
279 1579 368 1617 corum
379 1565 480 1630 judice.
498 1569 525 1616 et
547 1579 577 1616 se
599 1564 736 1616 defundet.
761 1564 824 1615 Una
843 1578 907 1616 vero
928 1564 1040 1615 monitio
1064 1577 1112 1629 pro
1133 1563 1211 1612 trihus

202 1647 264 1685 cum
280 1637 441 1702 competenti
457 1637 585 1702 temporis
602 1636 689 1700 spatio
702 1640 766 1686 tunc
782 1635 820 1694 nt,
836 1649 897 1686 cum
913 1649 1012 1700 urgens
1027 1634 1103 1686 adest
1126 1645 1209 1684 neces·

202 1704 279 1768 sites,
289 1720 350 1772 quae
365 1707 510 1772 longiorem
522 1720 576 1758 nou
589 1707 690 1774 petitur
703 1720 814 1757 moram.
833 1706 899 1770 Cep.
912 1705 936 1764 9,
948 1705 984 1756 'de
996 1710 1063 1757 sent.
1081 1718 1174 1756 excom.
1186 1703 1211 1752 iu

201 1775 226 1826 6.
242 1776 357 1841 Insuper
370 1777 399 1829 in
415 1779 560 1829 monitione
576 1778 737 1842 regulariter
752 1777 852 1829 mentio
872 1778 930 1828 fieri
953 1777 1034 1828 debet
1057 1777 1091 1828 da
1107 1787 1211 1842 persona

203 1855 336 1906 monente,
353 1847 387 1899 de
402 1850 511 1906 monite.
529 1849 562 1900 de
575 1861 658 1900 cause
670 1849 833 1908 monitionis,
844 1849 877 1900 de
894 1863 975 1914 poena
991 1849 1149 1912 infligenda;
1165 1845 1209 1895 ali-

203 1919 243 1970 ter
260 1919 331 1969 enim
348 1931 413 1970 vera
437 1919 532 1972 haberi
554 1934 607 1970 nou
631 1925 722 1984 posset
741 1920 918 1971 contumacia.
941 1947 972 1959 -
992 1920 1027 1984 (5)
1045 1919 1108 1982 Gap.
1125 1918 1165 1976 26,
1180 1915 1209 1966 de

202 1989 290 2054 appel.
308 1993 336 2040 et
351 2003 409 2056 cap.
427 1991 467 2054 48,
490 1991 523 2041 de
538 1996 605 2042 sent.
624 2004 725 2041 excom.
741 2018 772 2027 —
787 1991 823 2056 (6)
843 1991 991 2055 Scripturae
1007 1990 1158 2042 solemnitas
1173 2000 1209 2037 re·

201 2060 318 2124 quiritur
332 2061 432 2112 nedum
449 2062 476 2111 in
493 2061 552 2128 ipse
566 2075 687 2112 censurae
704 2063 766 2112 latae
783 2062 923 2120 sententia,
935 2062 982 2113 sed
996 2067 1023 2112 et
1036 2060 1065 2110 iu
1075 2061 1132 2124 ejus
1144 2072 1208 2109 com·

201 2131 356 2194 minatione,
371 2146 453 2198 quem
465 2147 573 2198 aequum
589 2137 631 2184 eet
639 2133 760 2198 judicem
775 2134 947 2199 praemittere,
957 2135 989 2183 ut
999 2145 1061 2184 reus
1073 2132 1210 2182 adducatur

200 2201 236 2252 ad
252 2201 443 2254 advertendum
460 2218 537 2255 snam
556 2203 730 2269 delinquendi
746 2217 863 2266 eausam,
874 2208 901 2254 et
915 2217 1039 2256 censure
1053 2204 1163 2268 speciem
1175 2201 1208 2251 ei·

201 2271 266 2322 dem.
278 2277 457 2339 conjunctam,
475 2275 519 2326 vel
539 2276 760 2340 conjungendam.
785 2275 828 2326 Ab
849 2275 892 2326 his
913 2275 1055 2326 sententiis
1077 2275 1153 2326 datur
1167 2285 1208 2336 ap·

199 2343 323 2407 pelletio;
341 2346 389 2396 sed
403 2345 546 2409 appellatio
562 2358 579 2396 e
595 2346 797 2397 comminatoria
818 2346 884 2410 ligat
904 2359 1001 2396 manus
1024 2345 1164 2407 inferioris,
1178 2355 1208 2393 ne

200 2417 281 2477 queat
296 2415 411 2466 ulterius
427 2415 587 2481 procedere;
605 2416 669 2466 dum
689 2416 833 2482 appellatio
851 2416 886 2466 ab
900 2417 961 2481 ipsa
975 2429 1099 2468 censuras
1112 2419 1209 2466 senen·

143 2505 148 2522 ι
198 2486 235 2532 tia
246 2487 306 2549 ejus
319 2486 442 2538 effectum
455 2487 564 2538 minime
579 2487 727 2552 suspendit.
741 2487 805 2553 Cap.
821 2487 861 2546 id,
873 2489 884 2551 ξ
898 2481 970 2539 Sene
984 2486 1018 2538 de
1032 2491 1102 2538 seni.
1116 2499 1207 2538 excom.

199 2555 227 2604 iu
241 2555 263 2604 6.
279 2558 332 2607 uisi
346 2558 478 2622 injustitia
488 2559 627 2609 sententiae
644 2559 679 2608 sit
694 2558 813 2619 evidens,
829 2563 856 2608 et
868 2558 982 2608 notorie.
999 2557 1064 2608 Cen.
1084 2557 1123 2619 36,
1136 2570 1157 2606 c.
1174 2555 1205 2612 ll,

199 2638 225 2691 q.
241 2627 263 2676 3.
276 2626 398 2692 Denique
414 2635 528 2693 utreque
541 2628 675 2678 sententia
688 2641 733 2678 reo
749 2627 937 2680 denunciando
948 2632 998 2685 est,
1011 2631 1043 2678 ut
1056 2627 1110 2678 sibi
1121 2639 1207 2678 consu·

200 2698 247 2761 lat,
261 2697 342 2749 immo
356 2702 383 2749 et
396 2699 569 2764 publicanda,
580 2699 688 2764 quanm
700 2699 734 2751 ad
750 2700 819 2752 alias
830 2713 967 2767 personas,
979 2699 1023 2750 vel
1036 2699 1071 2750 sd
1087 2697 1208 2764 populum

200 2769 318 2836 aliquem
332 2769 414 2822 hahet
427 2771 590 2822 relationem.

232 2967 294 3022 296.
315 2963 484 3042 subjectum
498 2981 632 3024 censurae
653 2971 699 3025 est
717 2965 815 3024 omnis
829 2965 1004 3042 delinquens
1018 2969 1059 3040 (i)
1082 2963 1208 3026 christia·

198 3067 254 3109 nus
269 3056 319 3124 (Ξ),
334 3052 436 3112 vivens
451 3055 502 3126 (3),
517 3052 653 3113 subditus
667 3052 759 3128 illiue,
775 3054 825 3130 qui
839 3071 997 3115 censuram
1015 3055 1073 3114 fert
1087 3061 1138 3129 (t).
1151 3059 1208 3114 Non

198 3145 296 3199 tamen
311 3146 409 3216 potest
422 3141 675 3200 excommunicari
687 3142 873 3215 Universitas,
889 3145 937 3203 vel
955 3143 1127 3219 Collegium,
1147 3141 1209 3218 quie

196 3227 225 3286 in
236 3229 450 3310 communitate
464 3237 672 3306 supponuntur
685 3247 751 3290 esse
762 3231 946 3304 innocentes
959 3239 989 3292 et
1002 3235 1101 3292 solum
1114 3234 1210 3307 culpa-

195 3317 272 3377 biles
295 3324 364 3378 suut
386 3318 528 3392 puniendi
551 3323 601 3390 (5).
630 3324 691 3380 Nec
713 3319 877 3396 Episcopus
902 3327 1015 3398 potest,
1047 3322 1204 3381 inconsulte

196 3406 364 3480 apostolica
387 3407 468 3481 sede,
492 3424 596 3467 omnes
612 3407 696 3468 simul
720 3407 807 3468 unius
829 3416 994 3470 conventus
1013 3412 1164 3486 regulares
1174 3408 1202 3467 el

197 3493 351 3553 audiendis
365 3495 496 3555 fidelium
510 3495 745 3556 confessionibus
759 3498 941 3574 suspendere
956 3501 1006 3571 (6).
1022 3505 1085 3560 Nec
1097 3500 1208 3560 demun·

196 3579 226 3638 in
241 3583 375 3642 censuris
387 3581 544 3657 interdicti,
561 3591 590 3646 et
610 3585 812 3662 suspensionis
825 3605 843 3646 a
860 3589 926 3664 jure
938 3587 1005 3649 latis
1019 3589 1209 3666 comprehen-
