2490 4088
467 185 610 242 ..53-

38 309 72 359 lt.
86 307 160 372 -(t)
173 306 239 372 (lap.
254 307 288 359 de
311 307 436 373 rescript.
457 310 485 360 in
507 307 533 358 6.
553 333 586 346 -
606 307 643 372 (5)
666 307 730 374 Cap.
751 306 792 368 ιιι,
815 305 849 358 de
874 305 998 372 rescript.
1020 333 1051 344 -

37 380 66 443 ι)
80 379 213 443 Rescripta
226 379 320 443 gratiae
332 384 359 430 et
369 379 483 444 justitiae
498 393 514 430 a
526 379 554 429 S
574 378 643 430 Sede
661 392 788 430 concessa
799 379 880 444 juxta
892 377 1048 428 modernum

37 450 202 514 quarumdam
220 449 352 501 ditionum
373 465 454 502 usum
474 451 657 515 subjiciuntur
680 446 757 515 lidpio
782 449 891 515 placito,
912 449 984 514 quod
1000 449 1050 499 ali·

37 523 131 602 quando
144 520 243 572 dicitur
259 525 417 597 exequatur
428 523 472 573 vel
489 521 629 574 Parcatur.
648 521 800 572 Potestates
817 521 889 571 euim
903 520 1049 572 seculares

36 593 137 643 nimium
150 585 237 642 avidae
251 562 417 643 dominandi
420 595 502 644 etiam
526 593 555 643 in
579 590 780 654 ecclesiasticis,
804 597 832 644 et
851 591 1049 656 spiritualibus,

37 663 197 726 pretendunt
210 663 343 724 revidere,
357 669 383 714 et
396 667 521 730 probare,
543 664 585 714 vel
604 631 791 744 reprobaret-l.
809 663 887 715 Sedis
907 663 1048 745 rescripte,

36 747 62 784 ec
73 735 119 786 sub
132 734 249 785 colorato
263 738 407 799 praetextu,
429 750 463 786 ne
482 735 547 800 quid
564 736 635 797 novi,
651 735 734 786 inscio
757 734 890 801 principe,
906 734 1048 785 inditione

36 805 82 865 ιιιι,
95 805 164 870 quod
181 806 359 870 privatorum,
372 811 419 856 aut
433 806 590 872 reipublicae
600 806 710 870 juribus
722 806 899 866 adversetur,
922 796 970 856 se'd
984 818 1048 856 varo

38 877 175 937 cainani
197 875 317 926 divinam
343 876 465 928 ecclesiae
486 879 645 943 potestatem
669 877 794 938 limitent,
813 881 844 927 ut
871 876 979 927 tandem
1000 876 1050 927 ali-

39 947 133 1010 quando
154 961 214 998 eam
235 947 357 998 funditus
375 951 504 999 evertant.
526 947 584 999 lieo
608 948 678 998 lacto
691 948 784 998 saeculi
804 951 950 1012 potestates
968 960 1051 1010 supra

39 1017 171 1081 Christum,
185 1019 300 1082 ejusque
325 1019 352 1067 in
373 1020 454 1070 terris
467 1019 597 1069 vicarium
616 1032 645 1069 se
664 1018 804 1080 extollunt,
823 1023 850 1070 et
870 1017 1051 1069 discessuma

40 1088 166 1152 Religione
178 1089 311 1140 catholica
325 1096 433 1154 parant,
448 1093 480 1141 ut
493 1090 617 1154 exempla
638 1089 829 1140 demonstrent.
845 1090 948 1140 Puram
960 1094 1051 1140 autem

40 1161 194 1210 mendacium
213 1165 264 1220 est,
279 1160 352 1223 quod
365 1160 485 1211 obtrudit
496 1159 655 1222 Febronius,
669 1165 696 1210 et
709 1160 926 1224 Van-bispenius,
941 1159 1050 1224 aliique,

40 1229 137 1293 scillcet,
152 1231 266 1295 Regium
281 1231 410 1296 placitum
423 1233 458 1282 ab
473 1232 545 1282 omni
559 1230 688 1282 memoria
700 1231 727 1282 iu
740 1245 791 1282 usu
806 1232 889 1282 inisse
903 1251 909 1279 ι
922 1243 985 1282 nam
997 1243 1051 1281 uon

40 1302 160 1352 antecedit
171 1303 359 1352 Pontificatum
383 1303 487 1354 Urbani
504 1303 551 1364 VI,
571 1303 618 1367 qui
641 1302 743 1354 electus
765 1303 817 1356 luit
838 1303 962 1353 Pontiiex
980 1314 1049 1352 anno

42 1371 96 1423 liii.
109 1374 166 1424 Hoc
180 1374 299 1436 primum
313 1379 432 1439 tempore
449 1374 484 1424 ab
509 1373 602 1425 eodem
617 1373 746 1424 Pontitice
761 1372 824 1424 data
843 1373 894 1424 tuit
918 1372 1049 1436 episcopis

40 1443 137 1496 incultas
151 1443 292 1496 revidendi
308 1445 400 1495 Bullas
414 1445 576 1511 pontificias,
592 1444 773 1508 etjudicandi,
789 1458 824 1494 an
837 1444 998 1495 authenticae
1012 1444 1050 1494 tc·

40 1517 289 1581 rentacperiectae.
309 1516 380 1566 Hinc
403 1517 522 1580 episcopi
546 1519 678 1582 poterant,
703 1519 730 1566 et
751 1516 888 1567 debebant
910 1519 1049 1578 suspectas

40 1584 177 1636 Decretales
191 1587 295 1650 absque
311 1587 524 1650 promulgatione
548 1586 672 1648 retinere,
686 1586 750 1650 quia
764 1600 795 1637 eo
810 1589 929 1652 tempore
940 1585 1050 1650 vigebat

39 1656 140 1708 schisma
154 1657 312 1719 occidentis,
327 1659 398 1723 quod
408 1658 515 1708 duravit
524 1671 611 1722 usque
628 1656 662 1706 ad
675 1657 818 1708 concilium
833 1657 1048 1716 constantiense,

39 1728 170 1778 etaderant
182 1729 327 1793 antipapae,
343 1729 390 1794 qui
403 1729 528 1794 proprias
542 1728 659 1780 edebant
671 1727 770 1779 bullas.
788 1729 825 1780 Νι
840 1729 931 1794 itaque
941 1727 1049 1791 decipe·

39 1802 117 1860 rentur
129 1799 222 1850 lideles
236 1799 271 1848 ab
286 1801 423 1866 antipapae
441 1799 546 1862 littaris,
562 1797 723 1862 praedictum
740 1799 866 1850 adhibuit
888 1799 1048 1857 remedium.

38 1869 95 1932 quod
107 1869 215 1934 quidem
227 1870 294 1920 solis
307 1871 442 1936 episcopis
457 1883 614 1921 concessum
628 1871 732 1931 tuerat3
748 1871 796 1922 sed
808 1871 932 1922 catholici
945 1870 1047 1935 princi-

39 1953 191 2006 pesquoque
204 1954 255 2005 pro
277 1941 371 2005 majori
393 1941 461 1990 torte
485 1941 629 1991 securitate
653 1953 683 1990 eo
706 1941 745 1991 uti
769 1947 918 2006 caeperunt,
942 1945 972 1992 ut
995 1939 1048 1992 sibi

39 2012 180 2072 commissos
194 2012 308 2078 populos
322 2026 338 2062 a
351 2012 495 2062 schismate
512 2012 608 2062 melius
628 2013 701 2066 tueri
715 2015 834 2076 possent.
863 2015 899 2063 At
913 2027 985 2077 vero,
1000 2027 1046 2064 ex·

40 2083 105 2133 tincto
120 2083 276 2144 schismate,
292 2082 424 2133 Martinus
446 2084 479 2143 V,
500 2083 528 2132 in
544 2082 657 2135 concilio
677 2083 875 2134 Constantiensi
899 2098 949 2149 per
970 2096 1048 2134 suam

40 2155 241 2204 constitutionem
262 2155 409 2205 secundam
429 2153 562 2218 episcopis
582 2153 682 2204 dictam
704 2154 859 2206 facultatem
883 2155 1007 2218 abstulit,
1022 2157 1049 2204 et

39 2229 151 2290 perpetuo
164 2225 307 2276 revocavit.
321 2224 400 2276 Unde
410 2225 529 2289 episcopi
539 2223 573 2275 ad
584 2226 631 2289 jus
640 2225 781 2290 antiquum
792 2227 972 2292 obsequenter
986 2225 1049 2276 red-

39 2295 122 2357 iemnt,
140 2309 194 2347 non
211 2309 276 2347 vero
297 2296 443 2362 principes,
460 2296 507 2360 qui
525 2295 665 2346 obfirmate
692 2297 858 2355 restiterunt,
873 2300 901 2346 et
920 2296 1007 2361 magis
1021 2297 1049 2347 in

39 2365 85 2417 dies
93 2369 156 2432 Jura
168 2367 293 2418 ecclesiae
307 2381 441 2432 usurpare
453 2367 655 2429 contenderunt,
671 2366 708 2418 ita
726 2373 757 2418 ut
770 2367 851 2418 tuerit
858 2368 971 2418 summis
980 2381 1048 2434 pon·
1088 2421 1094 2429 ,

39 2437 140 2489 ilicibus
156 2451 269 2490 necesse
283 2437 333 2488 hec
350 2439 384 2488 de
401 2452 430 2489 re
442 2438 512 2489 inire
526 2439 694 2490 concordata.
710 2438 795 2499 Quam
810 2437 861 2489 hoc
876 2438 990 2503 impium
1003 2451 1048 2503 sy-

39 2511 110 2559 stema
119 2511 184 2574 jura
198 2509 322 2560 ecclesiae
336 2507 428 2570 laedat,
441 2508 661 2559 demonstrarunt
674 2509 815 2572 sexaginta
823 2521 920 2559 novem
929 2508 1050 2573 episcopi

38 2577 193 2644 Neapolitani
207 2581 237 2629 in
263 2580 454 2630 reclamatione
477 2585 570 2630 contra
584 2579 721 2630 decretum
736 2579 866 2631 Gubamii
887 2579 941 2630 diei
955 2579 970 2630 ι
984 2579 1049 2630 maii

39 2649 96 2714 1853,
111 2655 137 2703 et
152 2651 199 2700 alii
216 2650 303 2702 ltaliae
320 2651 441 2716 episcopi
458 2651 485 2700 in
501 2665 594 2702 eorum
614 2651 649 2701 ad
663 2650 734 2701 idem
757 2663 825 2714 opus
851 2651 1045 2702 reclamationi·

39 2725 88 2776 bus.
103 2727 153 2778 Sed
167 2741 271 2778 uunca
294 2727 416 2794 principe
439 2726 570 2778 catholico
592 2727 702 2778 retineri
726 2725 842 2790 amplius
861 2728 965 2792 nequit,
987 2740 1049 2778 cum

39 2797 151 2849 damnata
166 2799 204 2849 sit
220 2799 379 2862 propositio,
393 2811 455 2862 quaa
477 2799 582 2859 asserit,
608 2797 682 2849 civiti
695 2797 822 2862 potestati
835 2801 980 2864 competere
992 2799 1047 2864 jus,

39 2868 98 2931 quod
109 2872 204 2922 vocam
217 2871 374 2934 coequatur.
393 2868 495 2934 Syllab.
510 2882 586 2935 prop.
603 2869 642 2918 ιι.
658 2869 715 2920 Ηοι
727 2869 891 2935 iampridem
907 2870 1048 2921 intellexe-

40 2941 201 2992 nieustria
216 2940 376 3005 Imperator,
391 2940 478 3006 quiin
495 2953 543 2991 suo
563 2938 722 2991 concordate
736 2953 797 2990 cum
812 2945 941 3005 regnante
955 2940 1048 2991 Ponti-

40 3006 81 3060 ιιι
92 3017 180 3062 nostro
202 3011 252 3062 Pio
267 3011 317 3070 lX,
333 3011 397 3061 anni
423 3012 491 3075 1855,
508 3011 534 3060 in
548 3015 598 3062 art.
621 3012 644 3060 ι.
670 3010 805 3062 Placitum
827 3011 942 3075 Regium
958 3012 986 3062 in
1000 3025 1049 3063 suc

39 3078 137 3144 imperio
147 3081 256 3134 omnino
268 3081 393 3146 abolevit,
407 3087 435 3133 et
448 3081 589 3133 ecclesiam
603 3093 716 3147 prorsus
731 3081 843 3134 liberem
858 3081 955 3134 effecit.

68 3304 105 3359 ιιι.
121 3305 153 3360 ιι
166 3298 331 3376 rescriptis,
361 3317 428 3376 ιιι
445 3317 543 3361 causae
568 3299 779 3376 cognitionem,
804 3307 855 3360 aut
868 3299 897 3360 in
917 3301 982 3362 toro
994 3318 1049 3362 ex-

39 3389 111 3448 terno
122 3388 360 3465 jurisdictionem
375 3388 516 3463 tribuunt,
538 3390 596 3449 hoc
621 3405 660 3449 ex
679 3391 747 3466 jure
770 3389 941 3463 attenditur,
968 3392 1049 3467 quod

38 3471 175 3552 delegatus
198 3477 280 3536 sitin
300 3475 451 3552 dignitate,
468 3480 516 3538 vel
540 3478 571 3537 in
582 3486 745 3553 personatu
758 3477 960 3539 ecclesiastico
975 3497 1048 3540 con-

37 3563 154 3641 stitutm3
168 3567 256 3627 ubter
270 3565 419 3627 Pondflcis
430 3567 610 3644 rescriptum
620 3565 737 3630 vitiattu·
752 3571 803 3641 (t).
813 3572 849 3630 tt
862 3566 887 3628 si
901 3584 1000 3630 sermo
1009 3569 1047 3630 sit
