2546 4082
175 311 212 378 (1)
225 311 347 366 Ecclesia
359 309 468 376 quidem
481 311 643 376 potestatam
655 309 739 362 habet
749 306 887 374 infligendi
897 319 992 375 poenas
1002 305 1147 372 nedumspi·

144 385 266 448 rituales,
282 397 344 448 quie
358 381 479 433 alliciunt
492 382 619 446 animam,
634 382 682 434 sad
699 381 782 433 etiam
798 379 961 444 corporales,
976 391 1037 444 quae
1049 376 1151 444 affligunt

145 469 251 522 eorpus.
264 455 294 505 ln
308 453 361 504 illis
374 453 527 516 infligendis
539 454 625 504 utitur
637 457 769 517 potestate
784 450 928 517 spirituali,
939 463 1000 515 quta
1010 450 1060 501 soli
1071 449 1150 500 Eccle-

145 527 192 578 sire
207 524 350 592 competit,
370 524 398 574 in
422 524 481 576 istis
501 538 565 576 vero
587 527 718 588 potestate
740 522 892 588 temporali,
911 535 972 586 quae
989 521 1152 583 Ecclesiae,et

145 597 313 662 Reipublicae
331 594 456 646 saeculari
470 595 619 646 communis
633 599 682 644 est.
698 593 775 656 Quod
789 596 879 644 autem
899 591 1022 643 Ecclesia
1034 592 1081 642 hac
1095 596 1153 642 tem·

144 668 231 736 parali
245 671 376 732 potestate
390 667 472 718 etiam
485 665 593 730 polleat,
609 669 684 730 patet
699 680 732 716 ex
747 665 826 716 dictis
838 677 920 728 supra
933 678 961 714 a.
977 663 1023 720 233
1036 662 1116 713 innuit
1126 662 1152 712 ll.

145 739 247 791 Paulus
267 738 390 789 scribens
404 737 438 788 ad
455 737 608 788 Corinthios
621 738 702 804 epist.
719 737 741 801 1,
757 750 817 801 cap.
830 736 861 795 l;
875 734 1022 792 declaravit
1035 733 1153 786 Tridenti-

144 825 219 870 num,
234 823 295 861 cum
312 822 407 875 poenas
424 808 586 873 temporales
601 809 727 872 pluribus
741 809 769 858 in
784 807 852 860 locis
866 807 971 869 indixit,
986 809 1017 856 ut
1032 809 1092 857 sunt
1104 819 1153 870 pro·

145 881 304 946 scriptiones
319 881 439 931 omnium
453 879 584 930 bonorum
608 885 701 931 contra
724 878 883 937 duellautas,
898 891 965 929 sess.
988 879 1030 939 tt,
1043 891 1066 928 c.
1082 877 1115 939 ta,
1127 876 1153 929 de

144 953 193 1004 rei.
203 953 311 1003 mulctas
324 951 496 1014 pecuniaria,
507 951 594 1015 captio
608 950 763 1015 pignorum,
775 950 881 1014 aliaque
895 949 1001 1001 similia.
1016 961 1081 1000 sese.
1091 947 1152 1008 tac.

144 1025 169 1082 8.
190 1013 233 1076 de'
246 1023 294 1074 ret.
313 1021 384 1073 lllud
401 1027 492 1072 manen
513 1022 606 1088 edixit,
630 1021 703 1086 quod
725 1021 773 1072 ulti
796 1021 1040 1072 ecclesiasticorum
1058 1019 1155 1072 crimina

145 1103 199 1148 tam
213 1094 306 1160 gravia
320 1093 382 1150 sint,
398 1099 428 1144 ut
441 1092 554 1146 solemni
568 1091 761 1157 degradatione
783 1106 837 1144 uon
862 1093 927 1144 satie
941 1093 1037 1158 punita
1050 1091 1155 1143 habean-

144 1172 197 1224 tur.
213 1179 306 1218 aarum
320 1165 461 1216 criminum
477 1165 517 1215 rei
530 1178 579 1230 pro
593 1164 714 1215 ulteriori
727 1165 867 1228 punitione
881 1163 934 1215 sint
946 1163 1029 1214 curiae
1043 1162 1156 1214 seculari

144 1237 278 1298 tradendi,
293 1237 357 1302 quia
370 1236 492 1287 Ecclesia
504 1249 521 1287 a
535 1236 666 1302 sanguine
680 1235 817 1286 abhorret.
832 1235 903 1287 Sess.
930 1234 967 1294 13,
992 1249 1016 1287 c.
1031 1235 1054 1294 1,
1068 1235 1100 1287 de
1112 1234 1155 1286 rel.

145 1308 296 1360 Novissime
309 1307 360 1359 hoc
373 1307 463 1372 ipsum
478 1307 600 1358 delinivit
622 1307 689 1357 Pius
711 1306 759 1367 IX,
777 1306 928 1357 damnando
949 1307 1156 1373 propositionem,
1262 1319 1263 1324 ¹

144 1393 207 1446 qum
220 1393 326 1432 omnam
341 1379 430 1430 aulert
442 1377 572 1430 Ecclesiae
584 1378 613 1428 iu
628 1377 788 1442 temporalia
801 1377 929 1428 directam
943 1377 987 1428 vel
1010 1378 1157 1429 indirectam
1262 1403 1263 1410 κ

144 1454 314 1516 potestatem.
328 1448 428 1514 syllal).
444 1462 520 1514 prop.
534 1448 574 1500 tt.
589 1449 656 1500 Rem
674 1447 790 1514 danique
806 1447 844 1499 ita
859 1449 968 1500 omniuo
982 1463 1043 1500 esso
1055 1449 1156 1500 demon·

144 1525 213 1574 strat
226 1521 332 1573 invictis
346 1520 512 1586 argumentis
524 1518 551 1572 J.
570 1519 700 1572 Stremler
714 1519 741 1569 iu
754 1522 833 1570 tract.
849 1518 883 1570 de
896 1533 970 1586 poen.
985 1521 1051 1572 eccl.
1067 1525 1127 1573 sect.
1138 1522 1157 1578 l,

145 1607 169 1645 c.
184 1593 208 1656 l,
223 1593 352 1658 adquam
367 1591 502 1643 Lectoram
518 1592 689 1653 remittimus,
698 1593 730 1642 ut
743 1604 805 1642 vera
820 1589 870 1642 hac
881 1591 909 1642 in
920 1604 949 1644 re
958 1596 1053 1644 noscat
1065 1591 1158 1657 priuci-

145 1665 200 1730 pia,
213 1669 240 1716 et
254 1664 341 1718 discat
354 1663 572 1716 adversariorum
585 1661 768 1730 oppositiones
779 1662 926 1714 cousutme.
1109 1667 1112 1674 “

179 1851 242 1909 181.
258 1847 300 1907 td
313 1846 559 1924 dignoscendum,
583 1863 621 1907 an
641 1863 733 1924 poena
749 1847 787 1907 sit
799 1848 876 1921 latae,
891 1848 940 1908 rel
953 1847 1084 1908 icrendae
1102 1865 1163 1909 san·

146 1937 244 1998 tentiae
266 1937 333 1996 duae
360 1935 499 1996 videntur
515 1936 701 2012 assignandae
719 1937 839 2012 regulae.
856 1936 1165 2013 prospiciendorum

145 2026 237 2087 verba
254 2041 362 2102 poenae,
389 2041 455 2100 quae
476 2025 501 2085 si
519 2025 687 2085 referantur
711 2026 749 2085 ad
770 2032 888 2102 tempus
902 2025 1095 2102 prateritum,
1118 2027 1164 2088 val
1264 2038 1265 2088 l

145 2131 288 2192 presens,
310 2113 382 2174 utsi
400 2114 526 2188 dicatur,
542 2115 843 2189 excommunicamus,
858 2115 1023 2192 privamus,
1038 2123 1069 2176 et
1085 2123 1164 2176 tanto

144 2203 239 2280 mans
252 2204 277 2264 si
294 2204 472 2280 adjungatur
484 2204 545 2279 ipso
566 2204 655 2279 sacto,
669 2203 730 2278 ipso
742 2203 824 2280 jetra,
848 2202 1002 2263 continent
1014 2204 1082 2263 latae
1105 2220 1165 2262 seu-

146 2292 244 2354 tentiae
267 2308 407 2369 poenarn;
429 2290 539 2351 sivero
556 2292 723 2352 referantur
748 2292 787 2352 ad
801 2298 919 2367 tempus
940 2292 1084 2366 futurum,
1096 2291 1167 2352 utai

144 2381 270 2456 dicatur,
284 2378 593 2454 memnmuaiaabitar,
613 2381 778 2456 privabitur
790 2380 922 2442 ferenda
933 2379 1088 2441 sententiaa
1101 2397 1166 2457 poa-

145 2486 214 2530 nam
228 2469 390 2530 continent.
406 2473 435 2528 Ξ·
451 2467 654 2546 inspiciendus
667 2475 713 2530 est
725 2485 833 2530 sensus
846 2486 957 2554 prenae,
973 2469 1023 2546 qui
1038 2469 1064 2530 si
1076 2470 1165 2546 perd-

145 2558 204 2618 ciat
218 2557 365 2618 actionem
379 2575 433 2634 per
446 2574 490 2628 se,
505 2558 555 2617 dat
569 2559 635 2617 latre
648 2557 802 2618 sententiae
814 2575 945 2635 poenam,
958 2566 991 2618 ut
1006 2559 1032 2618 si
1040 2559 1165 2633 dicatur,

144 2646 331 2708 declarmtu
351 2645 649 2718 excommunicatum,
670 2647 719 2706 vel
737 2647 811 2706 sciat
827 2664 857 2707 ec
878 2661 937 2708 esec
957 2647 1123 2723 priuatum,
1138 2656 1167 2708 et

144 2742 228 2797 tanto
248 2734 344 2812 magis
367 2735 392 2794 si
405 2735 592 2811 adjungatur,
607 2735 720 2809 statim,
734 2737 915 2808 ampinana
930 2742 1029 2796 terrore
1045 2751 1166 2811 praesta

146 2825 233 2895 tiam,
252 2833 308 2885 etc.
325 2823 440 2884 sivero
458 2822 606 2883 actionem
620 2822 704 2883 alteri
718 2824 848 2884 remittat
861 2824 1086 2900 perficiendam,
1101 2841 1166 2901 poe-

145 2931 215 2974 nam
241 2914 291 2973 dat
312 2913 442 2974 ferendae
464 2911 628 2984 serrtcutiae,
658 2918 691 2972 ut
718 2912 742 2972 si
770 2912 895 2984 dicatur,
917 2913 969 2989 qui
990 2913 1044 2972 ltac
1067 2914 1167 2990 [morit

146 3003 579 3078 excommunicatoriarum,
595 3002 643 3062 vcl
661 3009 702 3062 ast
716 3002 1027 3077 excommunicandos,
1043 3003 1165 3079 paean·

145 3093 212 3168 das,
227 3099 284 3154 etc.
301 3101 312 3168 (
331 3097 353 3167 ).

178 3227 212 3289 (tl
227 3224 255 3275 Si
270 3223 430 3275 adhibeatur
442 3224 554 3275 verbum
575 3223 648 3275 modi
667 3220 840 3289 subjunctivi,
855 3229 886 3276 ut
898 3225 920 3276 si
935 3224 1051 3288 dicatur,
1065 3236 1165 3277 monm-

146 3294 327 3350 murticatr'oai
341 3295 486 3362 subjaccat,
496 3296 538 3348 vel
555 3296 643 3349 lactem
655 3309 735 3348 saum
747 3297 868 3358 amittat,
884 3296 1003 3348 dubitari
1016 3299 1114 3362 potest,
1133 3309 1166 3347 aa

147 3380 228 3433 poena
239 3367 275 3416 sit
290 3366 362 3424 latae,
376 3367 419 3417 rel
432 3367 551 3418 terendas
573 3368 721 3419 sententiae.
742 3367 796 3418 sod
811 3367 839 3418 in
854 3365 936 3419 dubio
950 3380 999 3431 pro
1011 3381 1092 3432 poena
1107 3372 1165 3418 tau·

147 3440 205 3488 tum
218 3438 336 3489 ierendae
353 3439 493 3489 sententiae
508 3439 697 3491 resolvendum
712 3452 772 3490 esse
786 3439 901 3500 videtur,
924 3437 989 3503 quio
1002 3437 1030 3489 ia
1044 3439 1166 3490 obscuris

146 3507 218 3573 quod
231 3509 372 3559 minimum
385 3511 427 3560 ast
440 3509 526 3560 teneri
540 3510 629 3569 dabat,
639 3514 669 3562 ut
681 3510 742 3562 odia
756 3516 782 3562 ct
795 3523 882 3575 poeuee
899 3509 1018 3575 benigna
1032 3509 1163 3576 interpra-

146 3579 247 3632 tatione
262 3580 467 3644 restringantur.
482 3581 546 3646 Cap.
563 3582 604 3647 te,
615 3581 649 3635 de
661 3595 717 3648 reg.
729 3583 785 3648 jnr.
802 3581 830 3634 in
842 3581 865 3633 d.
