2468 4090
457 173 617 232 *175-

37 305 78 364 cbi
91 304 204 382 proprii
218 302 374 364 ministerii
387 307 487 380 partes
510 301 662 378 impleant,
684 307 715 363 et
735 302 847 379 vigilet,
869 319 908 363 ne
926 317 1054 376 errores,

37 399 81 453 ant
99 393 240 454 scandala
262 392 294 452 in
316 407 438 468 gregem
461 390 517 450 sibi
544 389 697 450 subditum
722 390 864 468 irrepant,
889 391 926 452 de
949 389 1056 466 quibua

38 481 166 544 omuibus
181 499 237 559 pro
251 488 323 542 nata
337 481 496 542 occasione
508 480 598 542 debet
615 481 778 542 admonere
801 480 981 558 Episcopum
1003 486 1014 553 (
1033 485 1054 554 ).

64 603 95 668 11)
108 603 269 656 Benedictus
279 603 346 655 XIV
361 602 395 654 de
408 603 507 668 Synod.
521 601 540 653 l.
556 602 580 665 3,
595 615 618 653 c.
629 603 653 654 3.
666 602 707 653 De
720 601 955 668 archipresbytero
969 600 1056 653 rurali

39 674 89 726 hec
104 676 218 740 legimus
232 676 261 726 in
277 689 338 740 cap.
354 674 369 725 l
383 674 417 726 de
431 673 475 726 oli.
491 673 594 739 archip.
607 693 613 722 ι
630 695 643 718 «
658 673 695 724 Ui
714 673 829 738 siugulae
854 674 950 740 plebes
962 673 1054 725 archi·

40 765 49 793 ι
63 748 248 812 presbyterum
261 746 388 798 habeant.
404 746 519 811 Propter
531 746 668 797 assiduam
680 757 746 809 erga
759 746 890 811 populum
899 745 949 796 Dei
962 757 1056 797 curam

41 818 177 883 asingalis
193 817 323 883 plebibus
335 818 585 885 archipresbyteros
600 829 659 868 esse
681 817 813 880 notumne,
832 817 879 881 qui
896 829 950 867 non
968 817 1056 867 solnm

41 907 50 935 ι
65 889 185 957 imperita
201 889 275 953 vulgi
290 889 499 940 sollicitudinem
514 891 622 953 gerant3
639 901 732 939 verum
747 890 829 938 etiam
840 901 933 938 eornm
944 888 1055 952 presby·

41 979 50 1006 ι
65 964 189 1024 terarum,
204 960 249 1025 qui
265 973 315 1025 per
328 959 447 1011 minores
462 959 554 1010 titulos
571 958 704 1020 habitant,
719 957 802 1008 vitam
813 958 873 1022 jugi
890 958 1055 1023 circumspe-

42 1032 152 1082 «ctiana
173 1031 332 1089 custodiant,
355 1037 382 1082 et
407 1044 461 1096 qua
484 1030 672 1095 unnsquisque
697 1029 831 1080 industria
849 1027 968 1078 divinum
989 1042 1057 1094 opus

42 1120 51 1148 ι
67 1107 194 1164 exerceat,
209 1103 341 1170 Episcopo
356 1115 412 1154 suo
432 1101 588 1152 renuntiant
608 1121 614 1151 :
629 1114 680 1152 nec
695 1099 823 1152 obtendet
836 1098 985 1164 Episcopus
1003 1112 1057 1150 nnn

42 1191 51 1219 ι
66 1187 140 1238 agere
152 1174 260 1238 plebem
275 1173 520 1238 archipresbytero,
538 1171 617 1237 quasi
637 1171 696 1237 ipse
709 1183 770 1222 eam
783 1171 936 1235 gnbernare
949 1169 1056 1232 valeat;

44 1259 52 1290 ι
68 1245 127 1309 quia
140 1245 191 1296 etsi
206 1245 284 1296 valde
299 1244 413 1296 idoneus
431 1245 477 1305 sit,
491 1243 569 1294 decet
581 1247 680 1305 temen,
701 1249 732 1292 ut
751 1242 885 1307 partiatur
899 1254 982 1293 onera
997 1254 1056 1304 sna,

42 1333 51 1360 ι
66 1321 89 1365 at
103 1317 172 1367 sicut
188 1317 240 1381 ipsi
253 1316 358 1366 metrici
374 1320 482 1380 praeest,
497 1314 535 1365 ita
548 1313 776 1378 archipresbyteri
789 1313 902 1378 praesint
920 1311 1056 1377 plebibus,

45 1403 53 1433 ι
66 1391 94 1437 ut
106 1386 133 1437 in
144 1387 218 1438 nullo
233 1387 332 1438 titubet
344 1386 527 1437 ecclesiastica
540 1383 703 1436 sollicitudo.
715 1384 818 1436 Cuncta
832 1390 921 1436 tamen
936 1383 970 1434 ad
992 1384 1056 1448 Epi·

44 1475 53 1503 ι
68 1459 173 1523 scopum
188 1458 315 1520 referant,
330 1470 379 1508 nec
396 1455 499 1522 aliquid
516 1459 609 1507 contra
622 1455 760 1508 decretum
771 1456 831 1520 ejus
844 1455 972 1506 ordinare
985 1469 1057 1522 prae·

44 1545 53 1573 ι
69 1533 180 1579 sumant.
196 1547 210 1574 a
224 1556 255 1565 -
271 1527 308 1594 (i)
322 1527 484 1579 Benedictus
504 1527 568 1578 XIV
588 1527 634 1578 cit.
655 1527 707 1578 loc.
723 1553 754 1563 -
775 1526 810 1590 (3)
827 1526 910 1578 Clam.
925 1527 949 1590 i,
964 1526 998 1578 de
1012 1541 1056 1579 re-

45 1601 125 1666 script.
139 1600 167 1650 in
182 1600 205 1651 6.
221 1627 250 1637 -
264 1599 299 1665 (t)
314 1599 354 1650 De
368 1606 466 1651 cratero
479 1600 606 1665 majores,
620 1604 667 1649 aut
688 1597 805 1648 minores
819 1597 902 1649 habet
915 1598 1057 1650 facultates

41 1670 107 1732 jnrta
123 1671 247 1723 dioecesis
261 1674 371 1734 statuta,
386 1673 413 1721 at
429 1669 646 1721 consuetudines
660 1669 754 1731 Quoad
773 1668 909 1720 dioecesim
930 1669 1054 1722 Ganuen-

43 1753 90 1791 senr
102 1742 159 1794 baec
170 1742 271 1793 Vicarii
293 1741 406 1793 Forenei
417 1745 491 1806 jura,
507 1745 533 1791 et
546 1739 634 1791 cilicia
656 1739 793 1807 descripta
815 1743 879 1792 suut
893 1740 921 1791 in
940 1755 999 1807 cap.
1019 1743 1056 1808 l'l,

44 1810 190 1865 dioecesanas
202 1812 300 1878 synodi
312 1814 400 1864 Emin.
411 1813 516 1864 Tadini.
526 1813 627 1876 injure
636 1825 699 1863 vcro
710 1811 844 1862 communi
861 1812 933 1862 ultra
946 1812 1056 1864 citatum
1085 1828 1092 1847 Ι

44 1889 112 1948 capnt
123 1885 208 1936 officia
222 1883 450 1950 archipresbyteri
465 1883 579 1934 Foranei
593 1888 707 1948 possunt
721 1883 810 1946 colligi
826 1896 859 1934 ex
873 1889 1001 1948 sequente
1012 1886 1056 1936 de·

44 1954 130 2008 chione
143 1957 171 2007 S.
186 1955 407 2020 congregationis
422 1955 534 2006 Concilii
556 1954 642 2005 relata
660 1953 810 2005 aBarbosa
824 1953 858 2004 da
876 1968 972 2008 canon.
990 1970 1014 2008 c.
1032 1957 1056 2020 ὃς

45 2037 66 2074 n.
83 2027 119 2078 si.
131 2027 279 2090 Quaesitum
296 2026 367 2077 enirn
389 2024 664 2090 snit,1⁰anquidem
683 2024 901 2090 archipresbyter
923 2025 1057 2092 plebanus

45 2095 226 2149 lieteranensis
241 2100 333 2162 posset
347 2111 455 2149 sumere
474 2097 677 2148 informationes
691 2109 773 2162 super
789 2097 968 2148 matrimoniis
986 2099 1056 2150 alo·

46 2172 158 2221 rensibus
172 2167 373 2231 contrahendis,
388 2175 415 2220 et
430 2167 493 2221 illos
502 2169 685 2220 transmittare
699 2167 842 2220 Ordinaria
855 2180 902 2231 pro
912 2169 1000 2232 gratia
1011 2170 1058 2220 oh·

46 2239 161 2292 inendat
177 2241 205 2291 S.
220 2240 396 2305 congregatio
410 2240 550 2304 respondit
564 2259 570 2288 ε
586 2239 662 2290 Posse
678 2237 786 2304 quidem
801 2251 905 2289 sumere
918 2240 1055 2303 informa-

46 2310 115 2363 tiones
125 2325 206 2377 snper
216 2310 402 2364 matrimoniis
413 2325 431 2363 a
441 2309 590 2373 forensibus
603 2309 790 2363 contrahendis
800 2309 1056 2376 ectrajadiciatiter,

45 2385 166 2435 ethanin
191 2383 281 2448 sipara
300 2381 412 2446 judicii,
438 2395 486 2433 nec
509 2395 570 2433 cnm
595 2380 744 2446 receptione
765 2379 873 2432 testium
892 2381 1056 2446 formaliter,

45 2465 94 2506 cam
103 2455 155 2508 istc
168 2468 223 2506 nan
237 2453 336 2518 possint
351 2453 413 2518 fleri
426 2453 523 2517 absque
533 2452 734 2518 jurisdictione,
747 2465 829 2518 quam
846 2452 1058 2520 archipresbyter

44 2523 89 2588 ipse
100 2539 154 2578 non
166 2525 252 2578 habet.
267 2526 294 2576 2·
307 2527 350 2574 lin
371 2524 459 2589 possit
481 2525 533 2574 sibi
550 2524 734 2575 inobedientes
753 2524 781 2574 in
804 2525 865 2588 ejus
880 2523 966 2575 officio
981 2539 1055 2576 coar-

45 2608 101 2657 cere,
115 2599 206 2663 eisqae
216 2610 325 2661 paenam
336 2596 495 2660 injungeret
510 2597 544 2646 Et
554 2595 707 2660 respondit:
719 2593 780 2646 Non
789 2608 862 2658 posse
875 2595 1057 2649 inobedientes

44 2679 152 2732 necere,
169 2681 218 2719 nec
230 2667 267 2718 cis
279 2679 386 2731 penam
396 2667 548 2732 injungere,
564 2681 625 2719 cam
638 2666 769 2731 corripere
781 2669 806 2718 ct
816 2666 952 2730 imponere
965 2681 1056 2732 paenas

45 2737 124 2804 absque
133 2737 325 2804 purisdictione
339 2751 392 2789 esse
405 2750 460 2789 non
473 2737 563 2801 possit,
579 2751 660 2802 qaam
677 2736 889 2803 archipresbyter
901 2737 1055 2800 nonhabet,

45 2807 91 2864 licet
108 2811 202 2863 habeat
223 2809 383 2874 facultatem
406 2821 447 2860 eos
463 2809 636 2870 remorandi,
654 2813 683 2861 nt
697 2822 811 2861 mernere
825 2809 862 2860 eis
885 2809 1055 2874 inpanpenda

44 2886 161 2945 prestent,
181 2884 206 2932 et
220 2879 346 2944 facienda
360 2893 407 2932 sno
422 2880 478 2932 loco
496 2884 521 2932 et
541 2884 660 2945 tempore
679 2881 796 2945 famant,
818 2883 898 2944 prout
918 2881 988 2934 decet
1003 2895 1011 2945 ,·
1025 2881 1055 2932 in

44 2951 287 3006 amcinobedientia
301 2949 397 3003 habent
412 2951 574 3014 facultatem
597 2951 735 3018 referendi
757 2951 849 3003 omnia
872 2951 998 3018 Episcopo
1019 2951 1056 3003 cd

45 3023 160 3087 effectam,
174 3025 311 3075 utcontra
326 3021 437 3085 eosdem,
458 3027 536 3088 prout
557 3022 598 3074 itti
612 3022 700 3074 visum
716 3021 800 3088 suerit
819 3022 951 3086 expedire,
964 3036 1053 3086 proce·

44 3092 91 3145 dat.
104 3097 128 3145 3⁰
141 3098 184 3145 An
199 3095 286 3158 possit
295 3095 387 3159 jurgia
401 3094 472 3144 inter
487 3093 642 3146 sacerdotes
654 3101 681 3144 et
699 3094 810 3144 clericos
825 3099 884 3144 orta
898 3094 926 3143 in
941 3107 990 3145 sua
1003 3094 1054 3145 Ec·

45 3164 112 3217 alesia
125 3178 296 3230 componere,
310 3169 337 3216 et
351 3166 512 3216 excitantem
527 3167 671 3216 clamorem
686 3166 713 3215 in
727 3165 818 3226 choro,
833 3165 876 3216 val
891 3165 917 3215 in
937 3165 1056 3216 sacraria

45 3240 142 3298 puniret
156 3239 190 3288 Et
204 3236 344 3302 respondit
359 3257 364 3286 :
381 3237 456 3288 Posse
470 3237 658 3296 amicabiliter,
674 3242 699 3290 et
715 3239 794 3302 praet
816 3237 887 3289 decet
904 3237 970 3289 bono
989 3236 1054 3288 reti·

44 3307 110 3372 poso,
125 3309 222 3376 jarpia
241 3307 316 3361 inter
331 3306 487 3372 sacerdotes,
503 3312 526 3360 et
542 3309 648 3360 clericos
662 3313 723 3363 orta
745 3309 776 3359 in
789 3323 839 3360 sna
852 3307 969 3360 Ecclesia
982 3321 1054 3359 cont-

45 3391 144 3446 ponere;
166 3381 212 3432 sed
225 3393 280 3433 non
297 3393 345 3445 per
359 3379 433 3430 triam
450 3379 547 3446 juris:
571 3382 718 3434 excitantes
739 3383 832 3432 entem
847 3381 1000 3442 clamorem,
1014 3379 1055 3431 aet

45 3447 175 3506 discordias
189 3453 352 3506 seminantes
369 3451 400 3502 in
412 3449 499 3516 charo,
517 3452 558 3504 vel
570 3451 601 3504 in
613 3452 735 3506 sacrario
748 3465 822 3516 passe
837 3451 946 3520 quidem
959 3451 1053 3504 admo·

45 3531 102 3589 aare,
113 3529 143 3580 at
158 3523 323 3591 apradictis
338 3523 480 3585 desistant,
494 3523 541 3576 sed
558 3537 613 3580 non
629 3529 773 3592 propterea
795 3537 837 3580 aas
852 3523 952 3591 panim
965 3537 1050 3590 pone.

46 3591 67 3647 S·
79 3597 157 3664 tang.
171 3597 250 3652 Caua.
267 3597 292 3651 11
312 3595 431 3651 decemb.
448 3595 518 3650 ttae.

1222 3361 1223 3406 t

1221 3417 1223 3472 l

1222 3489 1223 3550 l
