2546 4082
517 203 677 260 ..205-

77 325 126 389 (t)
143 325 264 378 Extrav.
278 323 388 376 Martini
401 323 426 375 V
439 323 480 376 lc
491 323 615 378 tutanda.
631 353 659 362 -
675 325 710 392 (i)
724 325 856 378 Civilibus
879 327 1023 392 conjuncta
1046 325 1100 378 dici

39 404 162 464 posset
180 411 256 448 mera
269 402 295 449 et
312 396 460 448 materialis
480 400 627 461 praesentia
642 397 763 448 haeretici
777 397 866 449 lunari
879 397 1003 450 catholici
1017 409 1101 448 causa

38 468 195 532 honoris,
210 471 242 519 ut
252 469 368 520 hahetur
383 468 412 519 in
431 468 604 534 responsione
615 467 642 519 S.
658 468 878 533 congregationis
892 468 919 520 S.
935 467 1022 521 Oiiicii
1037 467 1100 518 data

36 553 127 591 anno
148 539 230 599 17533
244 540 308 590 item
322 553 395 592 mera
410 544 437 592 et
448 539 596 590 materialis
608 544 711 590 tantum
727 541 875 604 presentia
897 538 1019 591 heretici
1035 552 1099 604 pre·

41 612 142 664 cibus
159 616 193 662 et
210 611 309 663 ritibus
322 609 470 674 catholicis.
486 609 670 675 aerumpna
693 611 760 662 lnst.
773 613 828 676 jur.
846 611 915 675 priv.
928 612 941 674 ζ
954 610 1019 670 2³43
1035 611 1100 662 item

41 682 231 734 assistentia
245 683 367 734 catholici
384 682 487 748 nuptiis
501 681 698 733 hereticorum.
713 681 773 733 Bul.
788 679 865 735 Inter·
878 681 1033 747 omnipenus
1044 681 1098 734 Be-

41 754 175 805 nedicti
189 754 261 808 XIV.
276 781 306 790 —
320 754 354 818 (3)
370 753 402 804 ld
416 753 513 804 Pontii.
532 752 566 804 de
580 753 679 818 synod,
696 752 715 804 l.
726 755 750 815 6,
765 767 789 804 c.
804 755 827 812 5,
845 767 873 804 n.
887 752 911 816 2,
927 757 953 803 et
964 753 1009 804 cit.
1026 765 1098 819 resp

45 826 78 875 S.
100 824 262 880 Officii-
286 825 321 890 (t)
336 825 385 876 Cit
402 837 473 888 resp
490 823 517 874 S.
539 823 626 877 Officii
630 838 713 890 ,quae
727 838 777 889 per
797 828 937 876 extensum
952 823 1100 875 affertura

44 895 186 948 Giraldo
198 901 259 960 post
272 910 329 962 cap
342 893 419 948 Nulli
433 895 466 945 de
487 899 554 946 sent.
578 909 723 947 excom.-
737 895 773 960 (5)
788 895 950 970 Bpnedictus
962 894 1037 957 XIV,
1052 893 1097 944 cit.

45 969 171 1019 ioc.-
128 967 220 1032 -(6)
240 965 375 1025 Giraldus,
391 966 438 1031 qui
458 966 558 1016 dictam
572 966 782 1018 instructionem
797 947 880 1017 refert
893 979 941 1030 per
956 969 1098 1016 extensum

46 1042 122 1104 post
137 1040 191 1091 cit.
217 1053 276 1106 cap.
291 1037 367 1090 Nulli
379 1037 412 1088 de
426 1042 494 1088 sent.
508 1051 654 1088 excom-
667 1039 703 1103 (7)
718 1038 828 1090 Summa
844 1037 927 1102 hujus
941 1035 1097 1100 dispositio·

44 1111 98 1161 nis
115 1112 190 1162 haec
202 1117 253 1162 ast.
268 1110 425 1162 Declaratur
441 1109 464 1156 ¹⁰
477 1123 533 1160 non
544 1107 622 1160 licere
631 1108 753 1173 paslmus
767 1109 822 1161 siue
836 1108 928 1160 diebus
947 1106 1099 1172 ferialibus,

48 1182 114 1234 sica
130 1181 298 1240 Dominicis,
313 1179 427 1244 ullisque
439 1179 515 1245 sestis
527 1179 559 1232 dc
572 1181 700 1245 precepto
713 1180 806 1232 diebus
819 1179 905 1232 misse
920 1179 1044 1232 assistere
1058 1190 1099 1230 ce-

48 1253 180 1306 lebratae
196 1251 355 1314 crorocno,
369 1253 409 1302 acl
423 1251 540 1318 simplici
550 1251 715 1317 Presbytero,
726 1251 773 1318 qui
786 1251 901 1304 civicum
906 1251 1098 1316 juramentum

49 1325 210 1390 emiserit,·
226 1338 310 1390 neque
319 1323 417 1375 eudem
429 1321 549 1385 fidelihus
569 1323 647 1374 licere
660 1324 784 1388 vesperis,
801 1323 962 1388 publicisque
976 1319 1098 1386 precibus

51 1397 205 1456 assistere,
223 1395 317 1461 quibus
339 1393 482 1456 Porcellus,
498 1395 539 1446 uel
550 1393 663 1456 simplae
675 1393 935 1460 PresbyterJ'uralus
945 1395 1047 1459 preest.
1062 1392 1096 1442 iit

52 1470 132 1518 ratio
152 1473 206 1530 est,
221 1469 285 1532 quie
298 1467 370 1517 idem
381 1465 505 1516 Pontifex
521 1467 598 1531 prius
612 1465 761 1524 definierat,
779 1467 889 1516 vetitum
902 1478 962 1516 esse
977 1477 1097 1516 commu-

52 1541 235 1590 nicationem
247 1539 275 1588 in
287 1537 386 1588 divinis
401 1551 462 1587 curo
472 1537 585 1588 intrusis
595 1541 622 1588 et
631 1537 797 1588 refractariis
809 1550 978 1600 quocumque
989 1537 1098 1586 nomine

55 1603 255 1676 appellentur.
269 1611 296 1660 2·
309 1609 370 1660 Non
389 1608 471 1659 licere
485 1622 501 1658 a
515 1608 636 1660 Parocho
647 1610 738 1673 jurato
752 1613 843 1673 petere
854 1607 1061 1668 absolutionem,
1072 1608 1099 1656 et

55 1683 288 1732 communionem
311 1680 403 1745 quouis
426 1683 553 1744 tempore,
574 1678 724 1744 presertim
745 1692 806 1730 uero
829 1681 946 1742 tempore
967 1677 1097 1742 paschali.

57 1753 84 1802 3·
98 1754 172 1804 Non
186 1752 265 1802 licere
282 1751 432 1801 Perochum
443 1752 566 1814 juratum
580 1752 654 1802 adire
667 1763 715 1814 pro
726 1751 902 1801 sacramentis
913 1749 1096 1815 baptismatis,

57 1827 86 1874 et
109 1823 293 1882 matrimonii,
318 1827 430 1886 excepto
458 1823 486 1873 in
508 1823 671 1888 baptismate
686 1835 751 1872 casu
768 1829 895 1872 extremae
917 1821 1097 1874 necessitatis.

54 1896 83 1944 ιο
98 1893 172 1948 Non
187 1893 266 1946 licere
283 1891 415 1946 Fidelibus
430 1896 536 1960 patrini
551 1907 661 1946 munere
673 1891 755 1958 (unpi
771 1893 801 1944 in
820 1893 951 1958 lopiano
976 1891 1097 1945 admini-

56 1970 155 2018 strato
178 1979 196 2016 a
219 1964 345 2028 Peracto,
357 1965 411 2017 siue
433 1965 587 2032 Presbytero
596 1967 702 2030 jurato,
724 1964 889 2018 uelintrusc.
905 1965 930 2015 5ο
944 1965 1004 2016 Non
1015 1965 1098 2016 licere

57 2037 233 2088 mulieribus
246 2041 308 2102 post
321 2041 427 2101 partum
437 2037 650 2089 benedictionem
661 2039 810 2104 acciperes
825 2036 945 2087 Perocho
956 2039 1057 2101 jurato.
1072 2035 1098 2085 6⁰

57 2108 166 2160 Licere
186 2109 215 2159 in
235 2109 356 2173 periculo
377 2109 471 2159 mortis
497 2109 693 2162 absolutionem
716 2111 868 2174 acciperea
886 2109 1034 2170 sacerdote,
1054 2107 1097 2158 vai

59 2179 193 2231 Perocho
204 2183 305 2244 jurato,
317 2181 360 2230 vel
370 2180 482 2238 intruso,
494 2179 630 2245 defluente
640 2181 731 2246 puceis
741 2180 795 2232 olio
805 2178 932 2232 catholico
950 2178 1096 2231 sacerdote.

59 2252 84 2300 i⁰
98 2249 194 2303 Licere
203 2251 654 2316 sacerdotibusnonjajunashostius
667 2266 818 2304 consumere
833 2250 994 2302 acatholicis
1007 2263 1096 2301 sacer·

60 2322 177 2374 dotibus
192 2325 366 2384 consecratas,
389 2337 422 2374 ne
442 2323 473 2375 in
483 2336 579 2374 manus
594 2323 764 2376 intrusorem
777 2322 1009 2388 conlactaneus
1026 2321 1097 2373 alius
1132 2331 1137 2344 ·

58 2391 311 2458 sacerdosjejunus
325 2407 381 2445 non
397 2392 478 2454 adsit,
496 2407 544 2446 nec
557 2394 613 2444 aliu
634 2395 741 2446 rollone
754 2393 855 2447 consuli
873 2393 954 2456 possit
970 2405 1094 2445 reueren-

59 2465 105 2516 tiae
124 2463 226 2516 iisdem
238 2462 330 2515 hostiis
344 2463 444 2517 debila.
462 2465 487 2515 8⁰
496 2465 616 2530 Denique
631 2465 731 2516 debere
750 2478 839 2530 genua
852 2464 923 2516 flecti
938 2477 1027 2515 coram
1046 2463 1093 2514 ho-

61 2535 124 2586 stiis
140 2535 307 2586 consecratis
330 2535 364 2584 ah
388 2536 511 2598 intrusis,
526 2540 552 2586 et
577 2535 767 2588 schismaticis.
786 2537 838 2586 iiic
861 2539 951 2586 tamen
971 2535 1093 2586 Pontifex

59 2608 187 2663 mandat,
202 2608 234 2655 ut
247 2605 370 2656 catholici
390 2605 524 2656 declinare
539 2609 634 2656 curent
652 2607 806 2658 occasiones
821 2620 951 2658 occursus
961 2606 1093 2658 schisma-

60 2678 191 2735 ticorum,
205 2691 265 2726 cum
281 2676 489 2727 Sacramentum
499 2677 632 2736 deserunt,
647 2692 681 2728 ne
690 2679 834 2729 videantur
843 2692 903 2730 cum
912 2677 1093 2730 schismaticis

61 2749 277 2800 communicare.
290 2747 406 2800 Theiner
425 2748 531 2800 docum.
545 2749 616 2799 ined.
638 2752 701 2801 torn.
716 2753 739 2808 l,
755 2764 781 2802 n.
798 2751 837 2801 57.

98 2907 318 2967 titillacione
345 2908 456 2968 nedum
483 2908 626 2984 reprobat
650 2909 823 2983 hereticos,
852 2909 906 2970 sed
931 2915 961 2970 et
989 2926 1093 2970 eorum

62 2993 169 3069 libros,
191 2995 370 3072 liberosque.
396 2997 492 3056 Liberi
516 2996 595 3057 enim
620 3014 725 3057 eorum
750 2998 966 3074 irregularitate
986 3005 1092 3059 notan-

62 3088 112 3142 tur
128 3088 188 3156 (i);
213 3083 279 3143 lihri
292 3101 365 3144 vero
387 3101 492 3144 aarum
514 3087 701 3159 damnantur,
726 3087 795 3162 quia
813 3104 852 3147 ex
875 3104 934 3162 quo
955 3095 1093 3148 auctores

64 3171 197 3231 damnati
219 3179 298 3244 sunt,
323 3173 432 3249 scripta
454 3189 558 3232 eorum
580 3173 693 3232 admitti
715 3191 775 3233 non
799 3183 925 3250 possunt
944 3181 994 3250 (i).
1019 3179 1092 3238 Hinc

63 3259 276 3323 hereticorum
290 3260 355 3320 libri
369 3262 401 3320 ob
415 3263 561 3331 haeresim,
580 3263 626 3322 uel
645 3263 717 3338 salsi
735 3263 878 3338 dopmatis
897 3266 1092 3340 suspicionem

63 3349 201 3410 damnari
211 3368 228 3409 a
239 3349 390 3410 catholicis
400 3352 615 3426 cujuscumque
624 3352 736 3426 gradus
744 3359 774 3433 el
784 3351 963 3412 conditionis
972 3353 1030 3413 sint
1038 3359 1089 3430 (3),

63 3439 178 3515 absque
202 3442 230 3498 S.
254 3439 338 3499 Sedis
359 3439 477 3500 licentia
498 3441 642 3516 imprimi,
663 3441 727 3517 lapi,
746 3441 878 3514 retineri,
900 3441 1015 3518 defendi
1029 3463 1090 3506 non

64 3534 189 3601 possunt
201 3527 257 3588 sub
268 3545 360 3606 poena
372 3527 689 3590 excommunicationis
704 3535 791 3608 Papae
805 3539 967 3594 reservatae
982 3535 1032 3606 (4).
